2280 3922
234 142 294 204 292
464 120 879 192 DsOrrArour

232 235 264 284 to
272 236 410 286 oratorem
417 226 529 296 melius,
550 226 792 306 quhmipsosillos,
813 246 937 308 quorum
951 243 998 287 eae
1012 228 1107 289 suntu·

233 311 290 371 tes,
311 302 517 363 ellediilurum.

184 383 228 442 66'
272 378 762 440 Itafideremilitaridicendumhuic
771 380 820 438 erit
828 379 972 457 Sulpicio,
993 378 1108 457 quaeretl

235 453 268 511 C.
275 454 369 512 Mario
376 454 450 515 affini
457 455 550 514 nostro
558 499 567 526 ,
576 458 605 514 ὃ(
613 498 622 525 ,
630 456 694 514 clim
702 457 855 532 acceperit,
868 458 905 514 ita
912 457 1109 532 pronuntiabit,

72 542 220 609 gillaMss.
234 541 265 587 ut
277 529 328 606 ipsi
336 531 368 588 C.
376 533 468 589 Mario
482 529 563 607 paenb
575 531 621 591 hic
636 532 749 603 meliiu,
767 530 853 608 quam
860 532 915 607 ipse
931 532 1110 591 sillescireri

73 609 196 661 sicarie.
234 604 336 665 deutur.
356 608 443 667 Sinde
446 609 508 683 jure
522 608 595 666 civili
601 630 611 676 ;
632 619 726 667 tecum
740 608 979 677 communicabit,
1005 619 1111 686 “teque

234 681 381 742 hominem
389 683 623 760 prudentiffimum
633 684 951 760 ,&peririffimuminiis
957 682 1024 759 ipsrs
1038 686 1112 755 rebus,

183 830 185 834 .
235 758 388 834 quasabste
396 760 536 829 didicerit,
557 759 876 835 dicendianesuperabit.

187 844 222 917 ⁶³
275 835 322 893 Sin
335 853 389 971 <pua
404 853 445 894 res
458 835 599 907 inciderit,
614 837 642 894 in
655 854 709 913 qua
723 836 883 905 denatura,
897 835 1020 896 devitiis
1033 837 1112 897 homi

234 927 322 981 num,
360 911 588 986 ecupiditatibus,
608 912 643 970 de
651 911 755 981 modo,
777 911 1011 982 decontinentia,
1033 912 1113 973 dedo

43 998 45 1003 ·
136 1008 139 1013 <
233 985 309 1056 lore,
329 987 460 1046 demorte
469 986 616 1057 dicendum
625 987 671 1046 fit:
693 987 822 1056 forsitan,
842 987 1113 1065 sreifitvisum,(eti

216 1060 295 1143 M
302 1062 415 1140 quidem
422 1062 498 1123 nolle
506 1063 586 1124 debet
593 1064 696 1141 orator)
710 1081 775 1123 cum
790 1065 1021 1140 Sex.Pompejo,
1037 1065 1113 1124 erudi

234 1149 266 1196 to
280 1137 396 1199 homine
410 1140 440 1197 in
452 1139 638 1215 philosophia,
658 1141 882 1198 communicabit.
909 1141 981 1198 Hoc
995 1140 1114 1216 profedi

235 1209 351 1284 efficiet,
371 1227 402 1274 ut
408 1233 601 1291 quamcunque
609 1234 668 1274 rem
684 1214 735 1273 ⁴⁶l
762 1234 856 1292 uoque
871 1217 1023 1292 cognorit,
1044 1216 1080 1276 de
1092 1234 1115 1275 er

236 1290 325 1349 multo
333 1292 405 1350 dicat
412 1290 548 1359 omatids,
566 1289 652 1368 quim
660 1291 704 1350 ille
711 1235 781 1366 spii,
802 1292 876 1350 unde
886 1294 1030 1368 cognorit.

188 1367 224 1426 68
276 1366 410 1426 Sedfime
418 1367 547 1436 audierit,
566 1367 911 1444 quoniamphilolophiain
924 1381 981 1426 tres
988 1365 1115 1444 parteseii
1135 1394 1138 1399 ·

75 1446 198 1499 utributa
236 1441 412 1512 hdistributa,
431 1445 460 1502 in
467 1455 571 1502 naturae
578 1443 784 1512 obscuritatem,
804 1445 834 1502 in
841 1440 988 1502 differendi
996 1443 1115 1503 subtilin·

74 1516 148 1561 MSS·
237 1529 313 1590 tem,
332 1520 361 1578 in
368 1521 454 1578 viram
461 1531 543 1596 atque
551 1536 657 1587 mores;
678 1519 786 1578 duoilla
799 1519 1007 1596 relinquamus,
1027 1520 1116 1596 iidque

76 1578 175 1687 {atque
236 1593 491 1671 largiamurinertiae
499 1594 613 1654 noiirae:
631 1596 744 1654 tertium
751 1595 837 1665 verb,
856 1595 1115 1674 quodsemperon·

96 1654 160 1688 eme.
237 1673 304 1730 toris
316 1673 385 1741 fuit,
402 1671 452 1731 nisr
465 1671 641 1753 tenebimus,
660 1671 728 1730 nihil
741 1673 843 1730 oratori
858 1714 866 1741 ,
885 1673 989 1748 inquo
1005 1689 1116 1749 magnus

100 1772 102 1785 ¹
189 1733 226 1809 69
238 1745 394 1824 eilepossit‚
412 1748 604 1825 relinquemus.
624 1748 854 1823 Quarehiclocus
868 1748 903 1806 de
916 1749 975 1806 vita
990 1749 1022 1806 &
1038 1748 1116 1807 mori·

236 1822 285 1882 bus
298 1835 371 1884 totus
386 1823 422 1882 est
436 1825 538 1883 oratori
550 1823 752 1898 perdiscendus:
772 1835 861 1881 cetera
875 1822 895 1881 fi
907 1841 968 1881 non
976 1823 1117 1894 didicerit,

83 1970 85 1975 ,
236 1901 451 1976 tamenpo'terit,
471 1899 608 1976 siquando
616 1918 684 1974 opus
691 1901 741 1958 erit
748 1938 760 1969 ,-
777 1898 1116 1970 ornaredicend0,fimo·

76 1979 95 2027 k
111 1989 183 2043 atque
193 1977 224 2028 ei.
237 1973 275 2034 do
283 1990 361 2035 erunt
368 1975 401 2034 ad
410 1993 474 2033 eum
482 1975 569 2035 delata
586 1976 748 2035 koctndua.

77 2046 207 2094 M⁸·⁶r⁰²¹·
275 2053 354 2110 XVI.
371 2051 528 2110 Eruurn
550 2070 583 2109 sr
609 2051 712 2109 constat
730 2054 800 2110 inter
821 2051 946 2120 dodos,
969 2049 1117 2111 hominem

235 2130 362 2204 ignarum
375 2127 542 2204 astrologiae,
563 2127 753 2196 ornatilhmis,
780 2139 862 2205 atque
875 2127 988 2202 optimis
1003 2128 1118 2188 versibus

237 2205 411 2275 ‘⁴⁷Aratum,
429 2202 464 2262 de
472 2203 561 2274 coelo,
579 2203 708 2281 stellisque
716 2201 823 2263 dixisse:
843 2204 864 2263 sr
879 2203 913 2262 de
927 2203 1008 2262 rebus
1022 2203 1119 2339 rlpstrcis

1048 2298 1119 2339 omr-

268 2388 307 2436 45.
324 2375 504 2440 Teqaehominem
511 2376 620 2438 prudent]
637 2344 1119 2438 Copulativanulhimvestigiuminstri·

237 2450 289 2503 pto.
307 2451 334 2487 ut
346 2439 454 2489 videatur
465 2435 561 2505 legiffe:
573 2439 607 2499 fin
618 2440 699 2499 dejure
709 2442 775 2486 civili
784 2453 851 2487 tecum
862 2438 1042 2494 communicabit,
1054 2450 1077 2483 te
1086 2440 1120 2484 in·

236 2506 317 2549 minim
328 2504 375 2552 διε.
393 2508 488 2552 Gronov.
896 2555 898 2560 ,

269 2573 308 2625 46.
327 2574 357 2614 ,A
367 2573 449 2632 quoque
459 2567 591 2629 cognouerit,
607 2566 631 2610 de
640 2578 664 2609 ea
674 2566 741 2610 multo
752 2567 810 2612 dicar
823 2563 934 2618 ornatius,
942 2574 1011 2628 quam
1022 2564 1062 2609 ille
1074 2562 1122 2627 ipse,

237 2631 292 2677 unde
302 2633 416 2692 cognorit]
434 2631 495 2690 Qus
506 2627 585 2676 credat
598 2627 633 2674 ita
645 2627 754 2675 varietati
766 2626 889 2690 captandas
907 2638 1037 2690 operatum
1049 2626 1120 2675 Cice*
1136 2656 1138 2663 .

238 2694 340 2740 ronemi
356 2699 387 2741 Et
399 2706 483 2740 tamen
493 2690 517 2739 id
529 2689 592 2739 credi
603 2687 652 2737 scio
665 2689 694 2736 ab
707 2690 819 2738 omnibus
830 2687 979 2747 editoribus,
992 2687 1121 2754 dequibus

240 2753 408 2806 testimonium
419 2755 501 2803 dicunt
514 2767 600 2803 ornnes
617 2767 702 2801 eorum
713 2753 848 2810 editiones,
864 2766 967 2818 quarum
982 2752 1055 2800 nulla
1068 2766 1121 2799 nou

240 2814 272 2864 fic
283 2816 387 2880 praefert.
411 2819 473 2866 sciat
486 2832 544 2883 ergo
557 2815 623 2864 orbis
634 2817 661 2864 in
672 2831 721 2864 uno
734 2814 820 2864 saltem
832 2812 967 2864 oxonirufi
978 2829 1020 2864 me
1031 2810 1122 2879 perspi·

239 2893 283 2927 cue
293 2879 376 2945 legisse
390 2880 497 2946 &quoque
512 2881 616 2943 cognoris,
633 2892 706 2943 atque
721 2879 777 2927 ideo
794 2878 827 2927 fic
843 2892 907 2929 nunc
924 2876 994 2936 edere
1012 2875 1120 2928 sustinui.

239 2946 304 2990 Mox
315 2944 382 2992 idem
387 2946 410 3003 st
417 2962 450 2992 me
460 2947 550 3000 audiat,
567 2956 620 2990 tum
632 2946 776 3006 relinquamus
787 2956 850 3007 atque
862 2945 988 3004 largiamur.
1006 2939 1089 2990 Idem.

270 3021 309 3065 47.
328 3014 430 3055 arrarum
438 3010 476 3063 ,de
486 3009 552 3062 coelo,
564 3006 675 3070 stellisque
684 3007 779 3067 dixiffc.]
797 3003 940 3053 Soloecenfis
951 3001 965 3051 ἒ
977 3002 1076 3060 Sicilia,
1084 3001 1121 3052 fa·

238 3069 340 3119 mittaris
352 3071 480 3134 Antigono
496 3067 662 3117 Macedonum
672 3069 741 3134 regi,
758 3069 840 3117 floruit
857 3063 1005 3116 Callimachi
1024 3069 1051 3115 δι
1064 3071 1122 3119 Me·

239 3130 328 3181 nandri
337 3131 492 3197 temporibus.
515 3137 599 3180 Praeter
611 3133 660 3180 alia
671 3128 759 3196 seripiit
773 3131 948 3186 Phanomena,
964 3144 1017 3196 quat
1028 3130 1121 3179 cicere

239 3195 366 3259 quondam
377 3197 464 3244 Latina
473 3194 546 3252 fecit;
563 3210 627 3243 nunc
637 3193 774 3268 fragmenta
785 3194 880 3243 restant.
909 3199 967 3243 Sunt
979 3193 1022 3260 qui
1034 3191 1119 3242 dicant

240 3259 367 3311 Aristoteri
379 3257 502 3319 cuiusdam
519 3257 688 3306 mathematici
700 3255 836 3307 auditorem
847 3255 916 3306 fuiffe
928 3274 935 3304 ι
957 3254 1026 3321 quod
1037 3254 1125 3314 first,

240 3324 285 3386 qui
296 3323 343 3372 {uit
353 3321 612 3387 ignarushllrologiae?
628 3322 672 3386 qui
683 3321 830 3386 praeclureex
848 3318 909 3369 osuit
922 3334 963 3375 ea,
971 3317 1124 3385 quaenescie·

239 3382 298 3435 bar?
315 3386 417 3442 Cicero,
433 3399 488 3433 mea
500 3383 630 3440 sententia,
647 3399 698 3432 nou
711 3383 761 3436 hoc
779 3335 857 3432 ceuiit
875 3381 1011 3448 astrologia
1028 3379 1124 3448 semper

240 3448 352 3516 ignarum
362 3447 446 3511 surse,
463 3446 677 3518 sedoperamists
687 3445 1138 3551 umueuuiisuuusmswpgu
