2280 3922
136 97 327 168 Linum
368 99 703 167 Sueuunus.
803 115 867 183 457

46 199 119 260 eret?
138 202 256 274 deinde,
275 203 296 263 fi
311 222 365 281 ego
378 203 453 263 rede
465 202 603 273 intellexi,
624 201 869 262 cumunideliben-

47 276 170 349 udirem,
192 282 262 339 mihi
276 280 426 358 conjunde
441 281 477 339 est
484 279 553 339 visus
561 279 595 338 de
601 292 717 356 utraque
725 298 755 356 re
769 279 870 338 dicere.

46 354 129 424 verb,
147 358 236 433 inquit
249 358 350 427 Cotta,
363 368 533 416 ornamenta
547 357 679 415 orationis
693 375 753 415 non
764 357 870 431 attigit,

46 444 76 511 ue
83 448 145 490 earn
152 434 279 503 laudem,
300 452 334 492 ex
341 453 396 510 qua
411 434 569 510 eloquentia
583 450 691 491 nomen
705 432 814 508 dipsum
831 433 871 489 in·
885 424 901 471 d
920 422 988 483 suum

46 514 69 561 rt.
102 509 192 567 Verba
206 511 303 586 igitur,
322 512 411 587 inquit
425 507 547 579 Craffus,
567 509 635 567 mihi
656 509 764 586 reliquit
778 510 872 566 Anto·
885 490 962 536 Lm·

45 593 65 646 ἰ,
82 601 141 643 rem
149 586 204 660 ipse
210 585 311 649 sumsit,

45 652 103 737 {um
110 661 217 732 Caesar,
237 662 279 731 si,
298 661 516 739 quoddifficilius
523 660 577 729 est,
597 660 625 720 id
632 661 680 720 tibi
693 660 801 737 reliquit
807 682 817 727 ;
834 658 872 717 est
885 647 938 723 367

45 744 80 815 lu,
99 737 205 823 inquit,
226 739 318 815 causa,
340 758 388 797 cur
401 751 430 800 te
443 737 536 796 audire
551 739 701 814 cupiamuu.
719 737 774 806 sm,
794 736 873 813 quod

45 802 105 880 llus,
127 814 176 871 trbi
190 814 266 872 causa
274 815 394 882 nonest,
415 832 462 883 cur
470 814 583 885 recuses.
602 815 638 872 Et
646 812 872 887 CatuluS,Quid,

45 881 173 959 ddixisti,
194 891 301 967 inquit,
323 888 431 959 Craffe,
451 889 731 966 srhichodieapudte
747 907 873 947 manere·

52 1002 62 1028 ,
77 977 106 1023 te
113 982 225 1025 morem
232 967 311 1025 nobis
319 965 372 1025 effe
378 966 533 1041 gesturum,
548 966 652 1027 nihilne
659 965 694 1024 ad
701 965 785 1024 fidem
793 976 872 1025 tuam

45 1040 231 1117 spern'nere?
252 1042 333 1101 Tum
341 1043 426 1100 Cotta
437 1041 543 1110 ridens,
562 1039 671 1100 Poffem
682 1041 747 1108 tibi,
766 1042 872 1116 inquit,

44 1109 92 1187 se,
112 1118 284 1177 concedere:
305 1117 441 1187 redime,
461 1135 497 1175 ne
504 1117 690 1195 quidCarulus
697 1116 816 1174 attulerit
829 1135 873 1174 re-

44 1195 99 1252 nis.
119 1195 251 1269 opushoc
260 1195 414 1261 censorium
423 1193 467 1251 est.
487 1193 816 1266 idautemcommittere‚
830 1194 873 1251 vi·

44 1269 112 1328 u'arn
120 1269 269 1329 fithomini
281 1266 360 1346 turpe
368 1270 499 1343 censorio.
517 1271 600 1347 Agite
608 1269 693 1338 verb,
713 1268 869 1345 illeinquit,

44 1344 117 1405 ultis.
143 1346 189 1405 sed
203 1363 277 1413 nunc
290 1347 421 1422 quidem,
440 1347 573 1422 quoniam
589 1345 653 1403 ⁹0id
666 1345 799 1419 temporis
813 1344 868 1414 est,

43 1422 147 1481 :ndum
155 1422 272 1491 censeo,
291 1425 321 1481 δι
332 1420 573 1499 requiescendum:
592 1420 651 1496 post
664 1421 825 1489 meridiem,
845 1421 865 1479 sr

43 1499 106 1557 obis
121 1498 159 1556 est
171 1498 376 1569 commodum,
394 1498 541 1574 loquemur
554 1497 671 1572 aliquid,
689 1495 738 1554 nifi
752 1494 823 1554 forte
836 1497 865 1555 in

44 1574 130 1633 inum
144 1573 252 1649 differre
266 1562 400 1647 mavultis.
420 1576 529 1631 Omnes
542 1573 568 1631 se
581 1573 627 1631 vel
640 1573 745 1640 statim,
765 1572 826 1640 vel,
844 1572 866 1633 fi

51 1650 118 1785 p‘gst
133 1650 278 1721 meridiem
298 1650 414 1721 madet,
432 1648 637 1733 quamprimum
657 1661 753 1707 tamen
772 1649 866 1709 audire

42 1744 50 1787 ε
98 1738 206 1787 xerunt.

42 1950 49 1965 .
71 1912 268 1975 lamonia]
297 1912 462 1979 consederant
473 1914 557 1981 paullo
606 1912 722 1963 sthoram
734 1911 862 1986 secundam

42 1975 623 2108 murmurmurmur
630 1976 863 2105 ’curruum

41 2120 94 2155 rm.
125 2108 165 2151 De
174 2102 277 2167 prandio
286 2120 339 2154 non
349 2107 414 2171 agit,
431 2121 489 2172 qura
500 2108 576 2158 moris
587 2118 638 2157 erat
647 2107 732 2157 multis
742 2109 863 2157 Romam

41 2184 74 2221 m
83 2165 219 2235 piandum
229 2164 326 2221 sumere
344 2171 453 2241 susim
