2280 3922
368 112 627 183 Bnurus.
874 122 936 201 635

58 216 296 295 Latioeloquens,
315 218 590 294 gnamsreipubsicae,
608 234 668 277 non
682 216 739 276 fine
752 221 869 279 facetiis:
890 222 935 281 sed

57 294 746 370 nequeiaborismulti,nectitisversatusincausrm
766 296 935 373 interjedtus·

57 386 113 443 qne
126 374 197 430 inter
210 372 276 430 duas
290 384 400 440 aetates,
422 370 562 429 Hortensii
576 376 606 429 ὃ(
620 370 729 454 Sulpicii
744 415 753 442 ,
780 392 833 431 nec
847 374 937 448 majo-

57 465 118 507 rem
126 448 257 525 consequi
269 459 394 523 poterat,
413 447 551 506 &minori
565 446 670 505 necesse
683 460 741 505 erat
750 450 854 507 cedere.
874 450 939 507 Hu-

52 527 98 601 jus
112 528 204 584 omnis
218 524 330 583 facultas
344 542 378 581 ex
391 521 499 582 historia
517 521 596 599 ipfiut
614 520 726 600 perspici
745 526 832 602 potest
846 548 852 584 :
872 543 939 603 quae

59 601 124 660 cion
139 600 218 661 sarisb
231 619 329 659 omnes
343 602 434 659 vincat
446 600 595 675 superiores
608 640 617 667 ,
636 611 697 657 tum
712 602 813 661 indicat
827 615 939 671 tamen,

58 690 193 755 quantum
208 676 273 737 absit
286 676 302 734 a
314 676 423 735 summo
437 718 446 745 ,
467 694 552 753 quam
573 694 608 734 ue
620 694 707 753 genus
719 674 775 736 hoc
789 679 940 753 scriptionis

58 756 185 815 nondum
203 754 234 813 fit
246 754 305 811 satis
319 754 423 811 Latinis
434 752 529 811 litteris
542 694 708 810 issustratum.
728 755 804 813 Nam
817 757 855 828 Q.
864 756 941 813 Hor-

58 833 136 908 tensas
143 830 295 891 admodum
303 828 477 889 adolescentis
489 830 648 905 ingenium,
667 840 698 886 ut
706 830 808 889 Phidiae
815 829 939 907 signum,

59 909 139 967 srrnul
153 907 307 985 aripertum
323 907 511 982 &probatum
526 905 571 964 est.

98 987 123 1044 Is
139 987 173 1044 L.
182 982 290 1054 Crasso,
311 984 480 1061 Q.Scaevola
495 981 646 1041 consulibus
663 978 817 1059 ²³primbm
832 982 860 1041 in
874 984 1004 1067 for0229

59 1062 143 1131 dixit,
165 1061 272 1138 &apud
279 1061 330 1119 hos
344 1059 533 1136 ipsosquidem
542 1060 679 1128 consulo,
699 1060 729 1117 δε
743 1077 807 1117 cum
823 1078 938 1131 eorum,

59 1140 106 1214 qui
121 1138 271 1207 affuerunt,
292 1151 353 1195 tum
360 1137 480 1212 ipsorum
488 1135 649 1204 consulum,
668 1138 715 1211 qui
728 1153 828 1193 omnes
841 1136 939 1195 intelli-

57 1217 148 1289 gentia
168 1216 324 1283 anteibant,
345 1213 451 1288 judicio
471 1210 583 1270 discessit
601 1212 737 1288 probatus.
767 1210 939 1288 undeviginti

59 1310 144 1349 annos
157 1304 235 1351 natus
248 1304 305 1348 erar
319 1307 355 1346 eo
369 1300 504 1363 tempore.
541 1288 588 1347 Est
601 1302 695 1347 autem
712 1289 746 1347 L.
759 1288 854 1347 Paullo
868 1331 878 1358 ,
904 1289 939 1348 C.

59 1368 192 1426 Marcello
207 1365 359 1425 consulibus
375 1378 499 1423 mortuus
513 1384 521 1422 ι
541 1383 575 1423 eir
588 1383 646 1441 quo
658 1364 808 1434 videmus,
827 1384 893 1423 eum
907 1367 937 1425 in

57 1457 239 1519 patronorum
259 1458 385 1511 numero,
398 1458 486 1499 annos
524 1453 623 1499 uatuor
636 1442 666 1499 ὃ(
679 1442 856 1517 quadraginta
874 1442 938 1501 suis-

56 1520 92 1577 se.
112 1522 179 1578 Hoc
191 1519 226 1577 de
240 1530 348 1575 oratore
361 1514 452 1592 paullo
466 1458 524 1591 posi
538 1517 613 1592 plura
625 1516 756 1576 dicemus.
774 1517 830 1575 hoc
843 1530 939 1579 autem
970 1552 979 1564 ·

57 1595 124 1655 loco
137 1596 275 1654 voluimus
289 1606 400 1651 aetatem
414 1593 470 1667 ejus
483 1594 512 1651 in
525 1592 656 1668 disparem
670 1606 813 1653 oratorum
825 1606 938 1655 aetatem

57 1672 212 1730 includere:
231 1688 402 1746 quamquam
415 1668 444 1726 id
450 1668 563 1743 quidem
577 1670 705 1729 omnibus
719 1670 875 1729 usuvenire
888 1688 937 1729 ne-
1028 1726 1032 1736 ,

58 1747 128 1805 cesse
141 1750 209 1815 suit,
228 1746 324 1822 quibus
337 1744 428 1820 paullo
440 1744 551 1819 longior
563 1744 618 1803 vita
631 1747 763 1821 contigit,
783 1758 814 1805 ut
828 1748 858 1805 &
870 1764 937 1807 cum

59 1824 392 1898 multomajoribusnatu‚
411 1818 589 1897 quameffent
601 1822 667 1897 ipsi,
687 1824 789 1881 &cum
797 1823 937 1957 ali2uanto

59 1901 211 1958 minoribus
225 1908 455 1974 compararentur.
482 1910 511 1955 ut
525 1898 640 1970 ¹Attius
658 1897 752 1957 iisdem
767 1898 838 1957 aedili
857 1917 888 1957 us
898 1900 937 1957 ait
948 1920 964 1953 x
980 1908 1068 1967 Accius

56 1978 84 2035 se
93 1975 279 2035 &Pacuvium
293 1971 414 2045 docuisse
421 1973 557 2045 fabulam,
577 1974 641 2034 ciam
647 1974 692 2034 ille
705 1974 864 2053 octoginta,
881 1975 936 2052 ipse
947 1973 998 2019 ‘⁸¹‘-

58 2055 167 2128 triginta
175 2069 262 2110 annos
269 2065 346 2110 natus
353 2048 424 2108 esset.

98 2130 141 2186 Sic
148 2127 309 2187 Hortensius
315 2145 374 2187 non
382 2144 447 2207 eum
455 2126 506 2186 suis
512 2127 768 2205 aequalibussolbm,
782 2128 827 2187 sed
835 2130 934 2189 &mea
946 2146 1007 2207 230⁴

58 2223 125 2267 curn
135 2218 237 2274 aetate,
256 2206 286 2263 &
299 2222 364 2263 cum
376 2216 441 2273 tua,
460 2202 558 2275 Brute,
577 2206 608 2262 δι
628 2222 694 2263 curn
707 2206 853 2283 aliquanto.
859 2204 937 2291 supe·
1017 2264 1022 2273 ,

863 2300 939 2343 nore

55 2435 208 2486 Paterculum
218 2434 311 2485 Libii.
323 2433 438 2491 invenio,
453 2422 533 2499 neque
543 2447 627 2485 tamen
636 2432 695 2485 scire
705 2446 772 2483 cerro
783 2430 890 2501 postam,
901 2450 933 2485 ex
1011 2462 1015 2473 =

58 2514 107 2564 qua
118 2511 190 2563 gente
201 2502 231 2549 L.
244 2499 284 2547 hic
300 2498 398 2549 sisenna
412 2496 505 2555 merit,
526 2497 557 2547 de
574 2514 629 2565 quo¹
642 2499 777 2548 Patercnlus
794 2500 829 2545 ita
839 2494 933 2547 scribit:

59 2563 205 2621 Historiarum
215 2567 290 2610 ausser
295 2568 346 2625 jam
355 2577 402 2611 rum
414 2566 431 2610 S
432 2562 503 2625 asenna
514 2566 656 2623 erdtjnvem's
667 2596 674 2621 ,
686 2564 724 2623 sees
734 2576 782 2615 opes
797 2562 848 2607 belli
858 2564 935 2608 o'vir'ss

59 2627 148 2671 Susiani
155 2625 198 2685 pest
208 2628 292 2691 aliquot
302 2644 366 2675 annos
376 2626 402 2671 ab
413 2644 436 2673 ee
443 2626 524 2687 seniora
535 2628 617 2673 editum
627 2628 662 2686 est.
690 2623 790 2673 Videtur
801 2624 887 2671 Latine
898 2625 935 2672 Si·

58 2685 132 2735 senna
143 2687 167 2734 id
177 2686 269 2738 beilum
280 2686 405 2755 scripsisse,
412 2700 438 2736 ut
448 2698 515 2753 pater
526 2703 556 2737 ex
568 2690 620 2740 Lib.
627 2696 646 2740 1.
653 2692 679 2739 &
686 2694 716 2739 11.
728 2687 759 2735 de
769 2688 852 2737 Divin.
859 2686 932 2739 ovid.

59 2749 112 2800 Lib.
121 2756 152 2799 11.
165 2750 196 2798 de
206 2754 275 2802 Trist.
287 2753 336 2803 hoe
348 2753 430 2801 addit:

161 2819 227 2863 Vertit
240 2818 366 2877 Aristidem
377 2819 480 2877 Sisenna,
496 2834 531 2863 nec
541 2817 611 2877 obfuit
622 2818 662 2863 isli

196 2878 295 2940 Histria
305 2895 374 2944 turpes
385 2876 491 2941 a'nfeeuiffi
502 2884 562 2933 jocos.
596 2879 698 2930 Cortad.

89 2958 127 2997 23.
147 2944 247 2988 Primum
259 2944 281 2989 in
289 2944 340 3002 fero
350 2946 429 3000 dixin]
446 2944 552 2992 Primum
564 2942 625 2991 dixit
637 2944 663 2990 in
674 2942 746 2998 foro,
763 2940 851 2991 deinde
863 2944 888 2991 in
898 2940 934 2991 se·

55 3017 130 3061 natu,
147 3002 200 3053 Lib.
214 3010 255 3053 ΙΙΙ.
270 3003 300 3052 de
312 3010 384 3054 Orat:
397 3004 439 3055 ubi
455 3003 541 3054 dicitur
559 3012 577 3055 L
599 3002 684 3055 Crasso
700 3003 798 3055 cons'ule
814 3007 839 3053 in
852 3004 934 3055 senatu

57 3066 154 3116 causam
166 3065 252 3115 africa
263 3065 407 3125 defendisse,
416 3072 442 3119 δε
454 3068 536 3134 postea
546 3084 591 3134 pro
603 3068 719 3133 Bithyniae
731 3084 787 3133 tege
799 3068 897 3118 dixisse:
908 3070 934 3119 id

55 3132 103 3187 est,
120 3146 147 3180 ut
159 3146 205 3195 ego
222 3133 378 3195 interpretor,
395 3145 539 3198 quomrum
556 3147 674 3206 quoque,
690 3146 715 3181 ur
734 3133 816 3199 postea
830 3134 933 3190 Rullus,

56 3196 136 3243 neseio
148 3210 210 3258 quos
223 3210 294 3259 agros
307 3197 380 3257 vellet
391 3196 514 3251 vendere,
536 3197 559 3244 ei
569 3194 676 3245 restitisse
688 3212 695 3245 e
717 3198 743 3245 ἃ
755 3212 831 3263 quum
842 3212 883 3245 rex
895 3198 936 3245 Bi-

55 3258 146 3321 rhyniae
156 3258 305 3307 Nicomedes
316 3276 393 3324 regno
404 3258 482 3325 pulsus
494 3257 565 3316 esset,
582 3262 608 3309 be
624 3259 640 3309 a
654 3262 774 3308 Romanis
791 3260 817 3307 in
832 3275 935 3325 regnum

56 3321 109 3369 duci
122 3334 236 3386 cuperet,
257 3337 302 3386 pro
318 3324 365 3371 iilo
383 3320 484 3379 dixisse,
498 3324 524 3372 &
541 3322 640 3387 quidem
657 3325 684 3372 in
702 3319 798 3381 senatu,
815 3324 934 3389 quoniam

56 3384 129 3433 cause
142 3401 192 3434 non
206 3400 275 3435 erant
287 3383 401 3435 forenses.
436 3385 481 3434 Sed
492 3398 565 3434 antea
574 3398 657 3435 tamen
669 3388 695 3433 in
711 3386 769 3434 soro
784 3385 892 3443 dixerat,
907 3400 935 3434 ut

55 3448 97 3501 hic
107 3448 231 3501 scribiture
246 3451 358 3516 quamvis
369 3451 440 3503 aliter
452 3451 495 3502 atii
506 3449 601 3503 soleant
610 3450 778 3517 iruerprerur't.
794 3454 864 3503 [baa.
936 3510 952 3549 1

126 3524 128 3529 ,
255 3546 258 3552 Ι
876 3524 923 3562 2*
949 3521 969 3547 a
