2280 3922
386 101 640 171 Bnutub
895 105 955 193 mi

72 211 291 289 plectionem,
309 210 428 270 minime
441 212 486 270 ille
518 211 612 271 uidem
619 208 744 271 tardutin
751 214 935 290 excogitando
942 231 956 287 ,'

71 302 265 348 verumtamen
278 286 374 358 vultu,
394 289 423 346 &
438 229 628 356 fimulatione,
647 287 736 346 multo
749 290 958 362 etiamacutiot,

71 364 239 440 quimerat,
259 364 409 423 videbatur.
429 364 568 440 Namejus
581 364 718 441 aequalem
734 365 955 426 ³⁶M’.Glcbrio-

70 459 138 499 nem
154 484 162 510 ,
184 441 254 498 bene
266 440 419 499 institutum
433 442 478 499 avi
491 452 519 492 ³⁷
528 440 662 498 Scaevolae
676 439 813 515 diligentia
828 485 836 509 ‚
863 443 956 503 socors

71 516 151 591 ipsius
165 528 259 575 natura
274 516 463 593 negligensque
469 515 623 575 tardaverit.
636 515 729 576 Etiam
745 516 772 567 ³⁸
781 517 815 576 L.
824 517 956 595 Torqua·

893 607 937 653 tus
944 638 956 665 ,

74 710 181 768 adjecta,
189 727 214 772 ut
225 711 307 765 scribit
319 694 481 771 Asconius&
493 713 582 764 Cicero
592 709 706 759 meminit
718 710 744 759 in
756 715 824 762 Orttt.¹
839 720 882 777 p'ro
896 718 955 763 Mu·

73 783 144 823 rnna
180 776 263 824 Postea
273 774 400 840 proconsul
417 778 443 825 in
460 778 570 825 Galliam
585 774 707 841 profestus
719 773 772 831 est,
794 771 834 823 sed
850 775 956 827 domum

73 846 150 900 quum
162 838 469 907 rcdiiffet,repetundarum
480 839 611 903 postulatus
624 837 656 886 est
664 872 671 895 ,
679 840 704 886 &
716 838 730 885 a
742 842 771 886 C.
780 838 846 903 Julio
863 838 957 891 cesare

74 915 227 965 oppugnatus
238 916 336 967 propter
346 900 467 961 eujusdam
484 899 650 965 Transpadani
667 898 780 959 injustum
796 897 956 965 supplicium

75 978 150 1026 quare
160 965 241 1028 postea
253 980 307 1015 cum
318 964 364 1013 illo
376 981 460 1030 graves
472 967 576 1013 exercuit
593 964 734 1011 inimicitias
746 996 753 1018 ,
775 965 810 1012 itu
827 977 853 1011 nt
865 966 956 1030 impel-

75 1027 125 1075 lere
138 1029 281 1077 ciceronem
292 1032 404 1085 tentarit,
421 1042 446 1079 ut
458 1026 535 1078 Casas
546 1028 609 1075 inter
621 1028 760 1086 conjuratos
771 1028 954 1086 nominaretur.

75 1102 101 1136 ut
114 1090 146 1137 ait
159 1092 285 1141 Sallustius.
304 1091 370 1149 Piso,
388 1093 507 1141 cicerone
519 1087 616 1139 consule
626 1088 784 1145 defendente,
801 1091 859 1156 quia
869 1091 954 1142 consul

75 1152 147 1200 fortis
158 1154 314 1221 constansque
324 1153 417 1211 fuerat,
434 1153 563 1202 incolumis
580 1147 613 1201 est
624 1154 694 1217 Relp.
708 1149 873 1211 conservatus,
886 1156 957 1204 urle-

76 1231 118 1286 ges
129 1217 155 1264 in
166 1221 233 1268 Orat.
245 1234 290 1284 pto
301 1218 398 1266 Flacco.
431 1216 550 1267 Nondum
561 1215 623 1264 mihi
633 1214 688 1265 satis
700 1214 793 1265 constat
805 1251 813 1275 ,
830 1231 862 1265 an
872 1219 894 1266 is
909 1218 956 1268 ille

75 1286 118 1335 tir,
135 1295 208 1344 quem
219 1280 364 1330 Plutarchus
379 1280 451 1341 disee
464 1277 565 1342 intersit
581 1293 672 1336 vocat,
694 1294 769 1345 quum
785 1282 873 1330 cicero
889 1281 955 1332 nihil

74 1342 120 1390 hnc
130 1342 160 1391 de
171 1360 195 1393 re
206 1344 270 1393 dicat
283 1379 290 1399 ,
307 1343 374 1408 quod
386 1345 474 1393 mirum
485 1343 514 1392 stt
526 1376 534 1400 ,
557 1352 632 1408 quum
644 1342 782 1391 Plutarchus
793 1343 904 1404 testetur,
921 1346 956 1395 il-

74 1407 126 1453 lum
137 1407 166 1454 de
178 1409 259 1455 Mario
272 1403 401 1471 scripsisse,
423 1422 454 1455 ne
465 1409 519 1472 quis
536 1404 601 1456 sorte
616 1418 682 1471 puter
699 1405 771 1454 illum
786 1403 851 1464 elle,
878 1423 955 1473 quem

75 1467 259 1532 supradiximus
271 1475 300 1519 L.
312 1467 423 1520 Pisonem
433 1483 547 1520 vocatum
556 1467 638 1526 fuiffe,
656 1472 681 1519 δι
692 1471 772 1519 multo
788 1482 845 1518 ante
859 1470 958 1535 vixiffe,

77 1536 163 1581 (irrad-

109 1605 145 1649 36.
164 1598 211 1645 Μ’.
218 1598 378 1656 Glabrionem]
394 1599 440 1645 M‘.
449 1596 555 1647 Acilium
562 1594 882 1646 Glabrionemzsencssium
888 1614 958 1659 ,non

76 1660 211 1714 Attilium,
234 1672 260 1707 ut
275 1659 381 1710 inlibris
393 1657 420 1708 sae
438 1663 526 1726 eleget
539 1693 547 1717 ‚
568 1657 667 1709 scribere
679 1659 792 1708 debemus
805 1695 812 1717 ,
835 1663 956 1727 quoniam

78 1722 218 1785 genshnjus
231 1722 371 1773 Glabrionis
384 1677 538 1778 tollintur,
560 1724 585 1771 br
615 1735 665 1771 ater
680 1722 710 1771 ab
728 1719 833 1773 Asconio
846 1727 883 1772 M’
897 1728 958 1774 nci-

76 1787 123 1832 lius
136 1799 165 1848 ap
183 1784 288 1843 ellatur,
310 1787 352 1850 qui
363 1787 444 1850 legem
456 1786 561 1835 Aciliam
615 1786 633 1833 it
650 1784 680 1833 de
696 1786 801 1850 pecuniis
818 1787 960 1852 repetundis

77 1801 261 1905 severissimam,
277 1851 304 1897 in
315 1863 364 1914 qua
374 1862 405 1896 ne
415 1847 622 1914 comperendinari
633 1848 733 1913 quidem
742 1848 829 1897 licebat
841 1864 958 1908 reum,ut

78 1912 167 1974 legitur
179 1913 278 1960 Verrina
289 1917 320 1961 11.
344 1914 420 1972 Hujus
431 1928 489 1978 gens
500 1910 595 1976 plebeia
605 1910 651 1959 fuir
663 1946 670 1970 ,
693 1924 719 1960 ut
736 1911 840 1961 ostendit
857 1915 957 1972 Livius,

79 1975 121 2038 qui
133 1975 185 2023 Lib.
199 1979 293 2025 XXXV.
306 1974 544 2041 scribit,P.scipioni
555 1974 585 2023 de
597 1974 666 2039 plebe
678 1977 715 2023 Μ’
728 1975 834 2024 Acilium
840 1976 959 2027 Glabrio-

79 2053 138 2085 nem
149 2040 272 2103 collegam
284 2038 394 2089 additum
404 2037 480 2089 scrisse.
513 2044 568 2087 Hoc
578 2053 636 2088 vero
653 2039 690 2087 Μ’
703 2036 837 2088 Glabrione
852 2046 958 2105 pretore

80 2104 169 2149 Cicero
180 2108 278 2153 verrem
288 2100 418 2160 morfitvit,
435 2116 460 2151 ut
473 2100 589 2154 Asconius
599 2099 693 2158 scribit,
709 2103 735 2151 br
745 2102 772 2149 in
782 2104 790 2150 i
808 2100 838 2149 lis
849 2106 960 2154 verrinis
979 2132 984 2145 ι

81 2179 185 2227 apparet.
219 2166 280 2224 Hic,
296 2179 322 2214 ut
334 2166 472 2223 dicium&
484 2180 539 2215 curn
550 2171 581 2215 C.
594 2162 680 2214 Pisone
695 2162 778 2213 consul
791 2117 854 2224 lut,
871 2167 911 2224 δι,
927 2182 957 2218 ut

80 2228 219 2277 Plutarchus
232 2227 327 2286 scribit,
338 2231 365 2279 in
375 2229 515 2295 Bithyniam
526 2225 648 2294 profectus
661 2226 701 2277 est.
719 2230 785 2276 Idem.

113 2307 149 2346 37.
168 2296 284 2352 Subota]
301 2294 431 2342 Scaevolam
443 2292 501 2342 dicit
512 2293 568 2352 iuris
580 2288 760 2356 penultimum,
785 2291 810 2339 ui
820 2297 908 2343 cumL.
917 2294 958 2342 Pi·

80 2352 139 2401 sonc
150 2352 232 2404 consul
243 2354 303 2413 fuit,
321 2372 371 2422 quo
383 2371 449 2406 anno
459 2356 514 2406 Tib.
528 2353 649 2405 Gracchus
661 2350 750 2403 occisit
795 2390 801 2404 .
835 2355 959 2407 SicAsco-

79 2419 134 2465 nius
145 2419 171 2466 in
184 2424 249 2468 Verr.
255 2425 287 2469 11.
299 2421 476 2484 interpretatur.
494 2422 559 2467 Idem.

114 2490 149 2535 38.
168 2487 194 2531 L.
203 2489 344 2548 torquata]
360 2483 504 2533 L.Manlius
516 2487 667 2547 Torquatus,
684 2482 709 2531 n
722 2479 821 2546 quidem
831 2483 960 2546 patricius,

80 2556 105 2591 ut
118 2546 143 2590 iu
156 2549 223 2595 Orat.
236 2561 281 2611 pro
293 2550 318 2596 P.
326 2547 392 2595 Sulla
401 2544 547 2612 cognosces,
563 2558 638 2619 quum
644 2545 796 2594 Manliotum
806 2543 902 2594 familia
912 2546 959 2595 du-

80 2608 137 2670 plex
148 2604 219 2666 effer,
234 2616 260 2657 ut
271 2607 463 2683 supradiximus.
487 2609 533 2657 Plie
545 2607 671 2658 ciceronis
683 2609 709 2656 δι
720 2608 797 2657 Attici
807 2607 959 2675 condiscipu-

81 2672 133 2725 tus,
149 2684 175 2719 ut
186 2674 270 2737 Nepos
281 2686 316 2720 an
326 2673 352 2721 in
365 2674 461 2730 Attico,
478 2671 532 2720 fuit.
566 2676 630 2720 cum
640 2673 668 2719 L.
677 2671 777 2720 Aurelio
787 2674 863 2721 cotta
874 2670 961 2723 consul

81 2732 114 2780 est
126 2733 203 2782 facins
215 2750 279 2783 anno
290 2735 320 2783 ab
336 2742 363 2784 V.
373 2741 403 2785 c.
416 2739 592 2786 nchxxtx.
611 2733 831 2799 quotinocturno,
849 2736 961 2785 catilina

82 2799 107 2844 br
120 2797 161 2844 alii
171 2797 198 2844 in
209 2798 336 2861 capitolio
347 2800 401 2849 cal.
432 2814 470 2849 an.
483 2810 509 2847 ut
520 2796 598 2847 scribit
615 2793 750 2852 Sallustius,
766 2795 901 2847 interficere
948 2822 964 2837 -

82 2872 171 2908 nitunt.
204 2861 269 2924 Quid
279 2875 337 2910 vero
347 2866 375 2912 L.
388 2863 413 2927 ip
423 2878 437 2911 e
448 2867 499 2911 'ror
518 2874 586 2910 natus
599 2859 626 2906 in
641 2856 767 2907 consulatu
778 2856 886 2926 gesserit,
912 2862 962 2913 cri*
1017 2882 1028 2900 ι·
1062 2887 1078 2931 ιι,

82 2936 152 2986 ptum
163 2938 213 2971 non
225 2924 343 2981 vidimus,
354 2924 398 2973 nifi
405 2924 477 2991 ⁴quod
488 2877 560 2974 illum
570 2922 657 2974 cicero
668 2918 792 2971 consulem
802 2918 961 2975 foniffitnum
1057 2939 1071 2966 ε·

81 2989 107 3033 in
120 2990 189 3036 orat.
202 3002 246 3051 pto
258 2992 282 3036 P.
290 2988 367 3045 Sulla,
384 2988 473 3037 &Lib
481 2992 512 3038 11.
525 2987 556 3036 de
566 2988 617 3034 Pin.
630 2997 711 3035 vocat.
744 2985 797 3034 Post
808 2982 962 3039 consulatum
1018 3036 1022 3043 ,

81 3048 176 3097 videtur
187 3052 214 3097 in
225 3050 373 3098 Macedonia
382 3064 419 3099 res
429 3053 464 3100 ita
481 3064 581 3117 magnas
598 3046 703 3113 gelliffe,
718 3060 745 3096 ut
760 3050 893 3107 cicerone,
909 3052 962 3110 jem
1049 3050 1052 3057 '

82 3126 136 3160 tum
148 3109 269 3169 consule,
286 3112 422 3171 referente,
438 3112 522 3163 absens
531 3115 663 3178 imperator
673 3110 729 3160 lita
776 3112 869 3170 llatus,
891 3126 917 3163 nt
932 3116 962 3163 in
1051 3131 1055 3143 ·

83 3181 151 3224 orat.
163 3176 189 3223 in
202 3173 313 3224 Pisonem
323 3174 416 3227 dicitur.
449 3181 560 3226 Domum
572 3188 648 3241 quum
662 3174 720 3223 red''
741 3187 785 3234 et,
801 3174 915 3225 omnibus
924 3192 964 3227 re·

82 3237 140 3294 bus,
156 3254 216 3303 quas
227 3243 314 3288 Cicero
325 3237 393 3305 gellit
404 3274 412 3297 ,
427 3239 538 3289 interfuit
549 3275 557 3297 ,
574 3252 700 3303 nunquam
711 3239 745 3288 est
761 3236 776 3287 ὶ
787 3242 907 3291 Cicerone
921 3238 963 3291 di*
1031 3235 1043 3253 ⁸

83 3297 190 3365 grell'us,
206 3301 304 3361 lindio,
321 3302 443 3361 consilio,
459 3304 620 3357 auctoritate,
636 3316 696 3350 nnus
712 3301 804 3362 adjuvit
818 3303 965 3367 plurimum.

83 3371 112 3413 tn
123 3364 190 3414 bello
202 3368 282 3423 civili,
299 3366 375 3417 linem
385 3366 445 3417 belli
454 3365 571 3416 statuebat
583 3366 597 3415 s
608 3363 765 3439 principio,sr
778 3367 971 3429 Pompeiumn-
990 3394 994 3401 -
1065 3409 1069 3415 .

83 3429 117 3479 tia
129 3426 236 3493 cederet,
252 3443 278 3487 ut
289 3430 363 3498 Epist,
372 3430 524 3549 stt-itinni
535 3430 568 3480 ad
579 3428 656 3486 Attio.
665 3426 780 3499 ridebit.=
788 3428 1025 3540 tobmmssb·
