2280 3922
406 136 715 227 Quarum*
906 160 969 229 γορ

32 258 39 311 5
83 241 157 317 lere,
179 245 252 306 idest
266 245 409 313 oratione,
429 256 520 303 cetera
534 244 563 302 in
576 260 613 303 eo
626 245 725 313 latere,
746 243 848 304 indicat
860 262 967 308 nomen

32 350 36 387 ᾗ
83 322 183 398 ipsum.
208 325 277 381 Non
291 325 366 381 enim
379 321 525 390 inventor,
544 333 591 379 aut
604 320 772 397 compofitor
786 364 794 391 ,
814 322 966 393 amatior,

32 426 42 464 t:
83 397 148 457 haec
164 401 324 475 complexus
334 398 374 456 'eil
388 397 507 466 omnia,
531 394 575 455 sed
590 398 620 454 ἃ
635 396 733 456 Graecd
753 398 786 455 ab
807 397 966 472 eloquendo

32 505 43 541 ι,-
83 474 185 552 flung,
205 472 481 549 &Latindcloquens
494 471 579 531 didus
591 471 638 531 est.
657 474 818 532 Ceterarum
833 474 908 531 enim
923 490 968 532 re·

32 582 38 618 ;
83 567 167 619 rum,
187 568 250 627 quae
262 551 324 608 -sunt
336 550 365 607 in
378 560 502 617 oratore,
520 559 626 624 partem
647 549 765 626 aliquam
787 548 834 606 fibi
853 550 968 627 quilque

82 627 229 685 vendicat:
248 626 358 686 dicendi
370 637 479 693 autem,
497 624 527 685 id
547 622 585 684 est
604 624 754 704 eloquendi
773 626 894 685 maxima
908 628 966 697 vis,

85 701 137 759 soli
151 704 215 760 huic
230 702 397 760 conceditur.

32 812 36 847 ς
118 781 306 854 Quamquam
321 778 395 836 enim
415 776 617 853 &philosophi
638 777 750 855 quidam
765 778 862 838 ornate
873 780 962 838 locuti
973 782 1008 841 62

32 890 34 901 ·
83 853 163 922 sunt,
184 854 327 929 (siquidem
342 853 373 911 δι
386 853 589 928 Theophrastus
611 850 752 912 divinitate
764 855 896 931 loquendi
909 874 964 915 no-

32 964 37 973 ·
87 931 282 999 meninvenit,
301 931 332 988 &
345 928 653 989 Aristoteleslsocratem
667 929 753 1004 ipsum
768 930 911 999 laceffivit,
931 933 963 991 δι

83 1005 277 1081 Xenophontis
288 1020 360 1065 voce
375 1005 465 1064 Musas
478 1004 554 1081 quast
574 1006 679 1064 locutas
698 1006 809 1064 ferunt:
829 1007 859 1064 &
878 1006 963 1083 longe

83 1083 229 1151 omnium,
248 1083 416 1171 quicumque
428 1080 601 1156 scripserunt,
622 1092 668 1138 aut
681 1081 767 1139 locuti
780 1081 855 1155 sunt,
872 1095 902 1125 1³¹
914 1100 964 1141 err-

83 1155 322 1236 stitit&gravrtate
330 1159 455 1235 princeps
461 1158 549 1230 Plato)
563 1157 763 1215 tamenhorum
773 1158 962 1235 orationeque

82 1249 200 1303 nervos,
220 1253 311 1311 neque
320 1233 589 1301 aculeosomtorior,
607 1249 640 1289 ac
648 1232 859 1291 lomnseahabet.

121 1311 359 1387 Loquunturcum
368 1307 470 1377 dodis,
488 1324 609 1384 quorum
616 1307 707 1366 sedare
720 1309 959 1379 animosmalunt,
969 1325 1004 1401 63

78 1385 294 1460 quimincitare.
314 1384 350 1441 lic
364 1382 399 1442 de
412 1384 491 1443 rebus
503 1384 628 1459 placatis,
648 1400 680 1441 ac
694 1384 809 1444 minime
823 1387 962 1446 turbulen-

79 1463 130 1527 tis,
151 1461 270 1519 docendi
285 1459 378 1528 causa,
398 1477 457 1518 non
470 1458 620 1534 capiendi,
638 1459 788 1535 loquuntur
803 1481 810 1521 ι
835 1473 866 1519 ut
879 1464 908 1520 in
922 1480 959 1521 eo

78 1536 154 1610 ipso,
175 1535 252 1612 quod
265 1534 477 1594 deledlationem
491 1537 610 1611 aliquam
631 1534 750 1594 dicendo
771 1551 958 1611 aucupentur,

78 1612 139 1686 plus
154 1611 306 1681 nonnullis,
325 1610 409 1688 quim
422 1608 528 1669 neceiie
544 1609 592 1678 fit,
610 1611 701 1669 facere
714 1611 865 1672 videantur.
883 1614 959 1689 Ergo

78 1688 176 1745 abhoc
190 1705 290 1764 genere
301 1706 361 1746 non
374 1687 481 1746 difficile
496 1686 532 1745 est
544 1686 616 1746 hauc
627 1686 834 1764 eloquentiam,
853 1689 888 1750 dc
902 1706 958 1767 qua

78 1781 155 1822 nunc
162 1766 265 1839 agitur,
282 1763 428 1822 secernere.
939 1816 950 1839 ,

120 1840 213 1900 Mollis
227 1840 263 1897 est
276 1841 352 1898 enim
361 1841 449 1898 oratio
456 1839 679 1916 philosophorum
697 1840 958 1915 &umbratilis,nec
969 1849 1006 1921 64

77 1915 231 1984 sententiis,
251 1934 304 1975 nec
317 1917 405 1975 verbis
416 1917 539 1975 instrudla
558 1917 754 1992 popularibus,
779 1934 832 1976 nec
847 1917 986 1991 ajuntiag
1002 1928 1056 1975 viat

79 1994 217 2060 numeria,
235 1991 491 2051 sedsolutaliberiis.
509 1992 681 2051 nihiliranum
688 1993 786 2063 habet,
806 1992 873 2051 nihil
885 1995 959 2067 invi·
972 1992 1046 2043 aab.

79 2067 165 2137 dum,
185 2070 252 2127 nihil
263 2080 367 2138 atron,¹
377 2069 445 2126 nihil
457 2069 605 2138 mirabile,
623 2068 690 2127 nihil
704 2067 820 2128 asturum
836 2090 843 2127 z
870 2069 959 2138 casta,

78 2146 252 2213 verecunda,
271 2145 349 2220 uirgo
362 2145 517 2220 incorrupta
524 2140 745 2222 quodammodo.
765 2146 959 2222 itaquesermo

80 2222 186 2294 potius,
206 2220 403 2298 qu‘amoratim
424 2220 528 2279 dicitur.
548 2223 726 2296 Quamquam
735 2223 811 2280 enim
819 2222 958 2282 omnislo-

79 2298 155 2354 cutio
175 2298 264 2355 oratio
277 2296 337 2365 est,
363 2308 457 2356 tamen
472 2297 679 2355 uniusoratoris
697 2297 803 2356 locutio
822 2298 879 2357 hoc
892 2317 958 2374 pro·

78 2373 140 2447 prio
155 2373 254 2449 signata
267 2372 382 2431 nomine
395 2372 442 2431 est.
666 2416 669 2420 -

118 2448 317 2524 Sophistarum,
337 2448 474 2523 dequibus
487 2446 563 2523 supri
577 2447 651 2517 dixi,
671 2450 757 2525 magis
769 2448 955 2525 distinguenda
965 2455 999 2528 65

78 2523 225 2583 iimilitudo
239 2523 363 2594 videtur,
401 2524 758 2583 uiomnaseosdemvolunt
771 2525 866 2594 flores,
885 2542 959 2603 quos‘

78 2599 187 2658 adhibet
194 2601 322 2659 oratorin
329 2542 429 2667 cauas,
443 2599 573 2676 persequi.
593 2600 707 2659 Sedhoc
716 2600 862 2669 differunt,
877 2603 956 2678 quod

78 2673 143 2732 cium
157 2675 188 2733 sit
200 2677 241 2734 hia
253 2675 423 2753 propofitum
438 2693 496 2734 non
509 2677 664 2750 perturbare
684 2679 791 2735 animus
806 2720 815 2746 ,
841 2677 885 2735 sed
900 2679 957 2753 pla-

73 2750 957 2911 ii?ilfiilnifiiahpiisiffdiiilelidiiiiiinff‘ilegh

75 2902 217 2960 sententias
231 2905 390 2978 exquirunt,
408 2903 495 2980 quiam
509 2903 680 2978 probabiles:
701 2901 716 2960 i
739 2923 767 2961 re
787 2904 858 2978 saepe
871 2905 956 2964 disce-

76 2978 163 3045 dunt,
182 2979 307 3036 intexunt
320 2979 436 3047 fabulas,
455 2979 536 3036 verba
544 2979 658 3052 apertius
665 2981 845 3049 transfemnt,
867 2997 955 3056 eaque

73 3055 111 3113 ita
118 3053 280 3129 disponunt,
300 3066 329 3113 ut
336 3053 453 3131 pidores
465 3055 628 3113 varietatem
643 3055 784 3115 colorum:
805 3057 878 3132 paria
885 3062 955 3193 pqri-

590 3157 596 3170 ·
924 3153 955 3195 ua

105 3285 142 3318 21.
161 3269 253 3327 fatuit
265 3271 410 3330 &gravitate
418 3273 512 3335 princeps
523 3274 606 3329 Plura]
622 3269 692 3320 Nihil
704 3270 758 3320 heic
768 3270 889 3330 deside103
908 3273 953 3331 fic*

73 3345 123 3399 que
135 3334 182 3386 fal.
197 3345 275 3396 quatt.
288 3335 312 3381 δι
324 3331 382 3381 sext.
394 3335 419 3382 &
437 3338 514 3383 Mem
534 3349 592 3382 nam
608 3335 687 3399 quint.
704 3338 730 3387 dr
743 3338 854 3397 suavitate
865 3340 952 3397 datm-

71 3400 149 3443 vitate.
167 3395 239 3444 finxit
250 3410 332 3445 autem
348 3394 496 3456 Lambinus,
512 3398 537 3448 dr
549 3400 642 3446 ubertate
653 3401 678 3453 dr
686 3415 752 3462 grav.
770 3396 867 3465 frustra,
884 3413 950 3466 putu.

71 3463 137 3516 Grur,
485 3526 526 3596 U
544 3539 564 3588 ,Α
871 3540 914 3577 u·
928 3528 961 3579 ἣ
