2280 3922
97 558 152 619 266

161 132 227 217 off
476 131 733 201 Baurua

163 236 310 323 integritas.
323 234 375 299 Me
383 233 497 315 quidem
505 234 660 297 admodum
669 233 820 299 delectabat
832 237 925 301 etiam
942 239 972 293 ¹³
981 236 1057 301 Tria

163 312 221 382 rii,
231 330 261 373 m
273 313 317 373 illa
331 323 429 380 aetate,
448 311 527 388 plena
537 311 662 373 litteratae
675 310 818 371 senectutis
831 314 937 373 oratio.
959 328 1058 393 quanta

164 388 289 449 severitas
300 386 427 447 invultu!
450 399 584 463 quantum
597 386 705 465 pondus
718 388 750 447 in
763 386 869 447 verbis!
891 388 986 467 quim
998 392 1059 451 nibil

164 460 224 529 iton
232 462 432 533 consideratum
440 463 530 523 exibat
537 482 572 521 erc
580 468 643 521 ore!

204 540 283 601 Tum
298 538 410 606 Brutus,
431 539 569 626 Torquati
590 540 620 597 ὃ(
639 539 740 597 Triarii
762 540 912 601 mentione
926 561 1058 604 commo

122 684 125 693 Ι
163 626 224 687 tus,
244 616 404 693 (utrumque
417 614 760 679 cumeorumadmodum
769 615 913 693 dilexerat)
931 621 1057 698 Naeego,

163 690 268 767 inquit,
288 691 330 765 (ut
344 693 471 753 omittam
487 703 593 761 cetera,
612 708 675 769 quae
695 690 755 749 sunt
775 692 1006 774 innumerabilia)
1025 698 1056 757 de
1099 765 1102 768 ,

164 766 217 829 istas
231 764 415 827 duobuschm
430 768 548 845 cogito,
574 767 682 836 doleo,
708 767 775 825 nihil
796 780 875 827 tuam
893 786 1056 853 perpetuam

167 842 394 903 ⁸*audioritatem
410 843 444 903 de
458 863 526 920 pace
540 840 666 902 valuisse!
686 861 752 902 nam
766 861 820 903 nec
840 843 907 905 istos
922 851 1057 909 excelleu-

148 928 206 991 ·te.s
218 922 309 993 viros,
327 939 380 981 nec
394 921 496 985 multos
508 919 576 981 alios
583 919 736 997 praestantes
743 920 817 978 cives
828 921 988 999 respublica
1000 945 1055 1003 pet.

47 1048 72 1083 ,·
99 1010 114 1056 .'
166 994 279 1067 didisset.
318 997 466 1073 Sileamus,
485 998 617 1075 inquam,
635 996 733 1065 Brute,
753 995 787 1054 de
806 995 878 1066 istis,
899 1018 939 1059 ne
961 1020 1055 1081 auga.

55 1358 58 1363 *
99 1384 153 1456 267

166 1088 228 1143 mus
242 1072 377 1141 dolorem.
395 1074 705 1151 nam&praeteritorum
719 1071 876 1131 recordatio
891 1075 931 1139 est
946 1079 1055 1148 acam,

167 1150 238 1217 &⁸³
247 1151 370 1211 acerbior
382 1150 547 1231 exspedatio
562 1150 739 1229 reliquorum.
776 1149 874 1227 Itaque
892 1153 1055 1215 omittamus

164 1223 275 1303 lugere,
295 1226 456 1297 &tanthm,
474 1226 540 1304 quid
553 1227 665 1305 quisque
679 1224 798 1286 dicendo
811 1228 956 1303 potuerit,
977 1233 1055 1310 (quo-

164 1302 277 1367 niamid
304 1304 459 1381 uaerimus,)
473 1303 663 1385 praedicemus.
769 1318 771 1327 ’

171 1452 178 1459 ,
201 1321 349 1441 'LXXd'IL
369 1380 469 1438 Suur
490 1398 612 1439 terrun
628 1398 662 1438 ex
675 1380 722 1466 iis,
734 1378 910 1466 'quieo'dem
925 1382 1003 1443 bello
1011 1401 1056 1444 oc·
1096 1396 1102 1402 '

165 1452 307 1527 ciderunt,
328 1457 405 1515 86Μ.
412 1456 537 1527 bibulus,
556 1457 641 1536 qui&
653 1455 809 1532 scriptrtavrt
822 1456 976 1530 accurate,
995 1461 1056 1520 clm

948 1538 1056 1612 praeser-

172 1692 174 1697 Ι
198 1642 236 1690 83.
254 1639 361 1695 Triaria]
384 1639 414 1687 c.
422 1635 512 1688 valerii
524 1636 625 1691 Triarii,
643 1634 723 1700 quiin
735 1633 844 1685 Sardinia
857 1647 948 1687 contra
959 1641 1000 1687 M.
1012 1643 1056 1686 Le·
1101 1662 1105 1671 ·

165 1690 336 1761 pidum-arma
352 1699 428 1757 tulit,
456 1713 481 1749 ut
501 1700 534 1749 ait
552 1696 685 1755 Asconius,
700 1696 763 1745 uude
780 1713 826 1746 nos
842 1695 957 1762 suspicati
976 1699 1055 1751 sumus

163 1762 230 1811 Vetr.
237 1766 279 1811 111.
295 1762 330 1811 ita
341 1752 388 1829 effe}
399 1762 531 1830 legendum
544 1779 550 1809 :
568 1769 595 1813 P.
603 1766 707 1819 Lentulo,
725 1769 745 1810 C.
755 1765 843 1809 Triario
857 1764 1009 1837 Qaestoribus
1018 1785 1056 1814 ur·

107 1858 110 1867 .
163 1820 232 1885 banis,
249 1826 310 1883 Hic,
326 1839 352 1874 ut
364 1828 447 1877 audior
458 1827 490 1876 est
503 1824 634 1882 Asconius,
644 1825 726 1890 postea
738 1829 766 1875 L.
775 1824 874 1875 Luculli
883 1840 911 1873 tn
924 1824 1054 1879 Asaal’on·

162 1897 240 1962 toque
251 1894 354 1955 Legatus
366 1889 428 1939 fuit:
445 1893 470 1940 bt
483 1904 508 1939 ut
520 1892 574 1939 Lir.
587 1888 638 1939 Lib.
647 1894 754 1939 xcvrn
770 1886 865 1945 scribit,
882 1886 997 1939 adversus
1005 1893 1054 1941 ldi-

161 1949 295 2011 thtrdatem
310 1968 395 2017 parum
413 1952 523 2025 prospere
540 1954 677 2065 ptpnavin
700 1952 839 2019 &quidem
856 1951 924 2064 apud,
939 1955 1052 2011 Zielam‚

163 2018 216 2080 qu'ae
227 2013 316 2076 nobilis
328 2016 396 2063 clade
408 2016 497 2065 Triarii
508 2017 540 2064 ob
552 2033 560 2065 r
585 2015 722 2081 ,optioni
737 2017 796 2065 tlin.
810 2013 862 2065 Lib.
892 2020 912 2065 1.
924 2030 947 2065 c.
958 2034 979 2073 3·
994 2018 1053 2067 dici·

75 2082 77 2087 '
135 2109 137 2113 -
161 2089 214 2132 tut,
232 2091 305 2150 quam
317 2077 417 2141 quidem
429 2078 524 2127 cladem
535 2080 652 2128 Plutarch.
666 2080 692 2126 in
710 2080 833 2137 Lucullo,
857 2080 883 2129 bc
900 2082 1011 2145 Appiam.
1028 2083 1053 2130 in

162 2139 301 2188 Mithradate.
336 2140 426 2201 Iuribus
444 2138 597 2195 describunt.¹
620 2141 726 2191 Triarios
745 2157 804 2190 vero
827 2143 840 2191 ὲ
877 2155 934 2191 ente
954 2145 1051 2193 Valeria

162 2200 244 2258 sitisse,
252 2156 355 2251 ostendit
366 2206 442 2253 etiarn
453 2204 557 2261 Valeria,
564 2220 616 2271 qua
628 2205 716 2253 Triarii
727 2201 794 2253 sotor
805 2157 878 2271 Epis.
887 2221 910 2264 7.
918 2205 975 2257 Lib.
983 2213 1049 2257 vlll.

163 2266 250 2325 Fanril.
264 2279 372 2317 vocatur.
390 2272 475 2318 carrad.

197 2339 234 2389 84.
252 2334 435 2389 Auctoritatem]
468 2332 515 2380 Hic
527 2330 600 2397 quaeri
612 2330 698 2395 potiit,
715 2346 764 2397 quo
776 2332 862 2397 pasto,
879 2330 898 2381 ti
916 2333 1051 2383 meoticas

163 2391 225 2449 fuit,
241 2409 292 2441 non
305 2396 393 2451 valuit,
404 2392 449 2445 nist
461 2395 522 2447 Phil.
531 2400 562 2445 11.
576 2393 662 2443 dehac
675 2397 737 2445 telo
758 2411 815 2445 uens
824 2398 956 2456 sententiam
969 2411 1049 2453 vocet,

165 2471 241 2516 quam
250 2456 291 2505 hic
300 2462 448 2507 auctoritatem
460 2459 536 2517 dixit,
554 2462 580 2507 bc
592 2457 681 2507 idcirco
693 2411 1049 2530 hoedocoperpetuamaudo·
1079 2514 1081 2521 Α

165 2520 263 2568 ritatem
276 2520 306 2568 de
317 2535 376 2593 pace
387 2519 452 2571 suam
463 2522 525 2571 dixit
539 2555 546 2577 ‚
569 2522 626 2587 quia
640 2519 698 2585 sape
713 2521 795 2579 dixit,
812 2524 834 2571 le
846 2522 911 2587 pacis
923 2525 1050 2590 auctorem

164 2581 257 2645 semper
268 2582 351 2639 fuine,
367 2598 393 2634 ut
405 2585 478 2649 Epist.
491 2603 511 2641 3.
523 2585 576 2633 Lib.
585 2590 636 2634 Vll.
656 2585 742 2635 Famil.
758 2587 783 2634 bt
795 2586 821 2633 iu
836 2590 904 2635 Orat.
917 2601 965 2651 pro
977 2589 1051 2654 Liga-

165 2647 203 2695 rio
216 2649 241 2694 &
254 2647 371 2699 Deiotaro
383 2649 463 2697 videre
474 2649 540 2697 licet.
557 2650 623 2697 Idem.

199 2719 234 2766 85.
253 2711 361 2758 ,Acerbior
371 2716 483 2760 carcerario
496 2715 634 2775 reliquorum.
663 2711 765 2768 Cicero,
782 2725 830 2775 qua
840 2710 886 2759 fuit
903 2713 1049 2775 prudentia,

164 2774 280 2834 jamtum
308 2726 446 2831 revidebit,
463 2791 515 2840 quat
527 2775 580 2839 post
592 2720 690 2824 Caesaris
708 2787 814 2824 mortem
831 2771 883 2822 sunt
900 2776 1052 2835 consecutur

165 2850 217 2902 qua
229 2833 268 2884 sua
291 2836 365 2885 tustra
375 2835 465 2901 semper
478 2836 597 2887 ve'rillima
608 2839 705 2912 auguria
715 2852 794 2886 rerum
800 2835 937 2887 futurarum
944 2839 1006 2895 Phil.
1015 2847 1047 2890 11.

165 2913 247 2949 vocat.
263 2906 316 2965 Qra
328 2900 359 2949 de
371 2917 397 2949 re
407 2907 484 2951 Corn.
498 2905 583 2966 Nepos
595 2899 664 2949 ficrn
676 2902 760 2949 Attico
772 2897 866 2949 scribit:
882 2909 931 2949 Non
942 2920 967 2950 ea
977 2906 1048 2965 solam

165 2969 248 3020 Cicero,
263 2982 307 3029 qua
318 2969 372 3012 vivo
381 2967 404 3026 se
414 2968 533 3013 acciderunt
545 2998 553 3020 ‚
565 2965 646 3023 futura
664 2967 767 3028 praedr'xit
778 2997 786 3020 ,
798 2964 837 3024 sed
853 2967 920 3012 eriam
935 2983 982 3031 qua
995 2986 1049 3017 nunc

164 3029 204 3088 usu
215 3032 320 3084 ueniunt,
331 3032 420 3085 cocinit,
435 3043 460 3075 ut
471 3042 538 3077 vates.
557 3026 632 3077 idem.
676 3089 679 3093 .

198 3099 234 3150 86,
253 3095 287 3140 M.
296 3095 403 3152 bibatur]
435 3092 470 3139 Μ’.
486 3091 630 3155 Calpurnius
642 3088 765 3147 Bibulus}
776 3089 904 3139 Plutarcho
915 3091 943 3140 in
955 3089 1051 3144 caesare

164 3167 278 3210 uocatur,
296 3154 540 3220 quanquamBibulus
552 3169 691 3219 cognomen
702 3154 808 3217 ingente
816 3154 921 3203 Publicia
933 3153 1049 3221 frequen·

166 3216 228 3273 tius,
244 3229 269 3264 ut
282 3218 345 3291 apud
357 3219 408 3267 Liv.
422 3218 475 3267 Lib.
489 3223 563 3267 xxll.
572 3220 597 3268 δι
610 3222 705 3266 XXVll.
714 3218 739 3264 bt
752 3231 766 3263 a
783 3214 815 3263 ud
826 3217 888 3265 Plut.
901 3218 928 3266 iu
941 3220 1048 3270 Marcel-

166 3279 208 3333 lo,
226 3295 361 3344 reperiatur.
379 3286 402 3329 ls
415 3282 487 3346 igitur
498 3281 642 3337 Bibulus,ur
656 3275 734 3329 Caesar
745 3280 774 3327 Li
792 3315 798 3327 .
811 3284 855 3329 111.
868 3278 898 3328 de
910 3282 1050 3343 Bellocir'.

166 3340 251 3397 refert,
269 3344 390 3394 iracundia
401 3341 494 3393 sumana
504 3343 564 3400 fuit,
581 3339 768 3407 inimicitiasque
779 3341 862 3391 habuit
873 3344 980 3408 privatas
991 3361 1049 3395 cum

167 3402 260 3457 caesare
271 3421 301 3454 ex
313 3407 426 3459 aedilitate
437 3421 565 3473 conceptas
577 3411 603 3456 bc
615 3420 722 3472 ptaetura.
750 3404 847 3455 Bibulus
860 3405 953 3456 consul
968 3407 1048 3465 sadus

169 3465 257 3522 casati
267 3471 367 3538 collegae
376 3469 465 3526 suenci
473 3472 556 3540 tegern
568 3471 688 3541 agrariam
698 3469 774 3538 eoepit
786 3468 904 3527 adversari
916 3473 941 3524 δι
952 3472 1047 3544 obitum

969 3548 1046 3594 elate,
