2280 3922
401 198 662 280 Bauio&
912 231 979 303 ss?

77 305 206 382 donno
217 312 282 375 haec
294 315 349 453 igin
364 313 400 375 de
417 311 525 392 Pyrrho
544 313 574 373 &
594 311 738 373 nonnullae
753 320 969 381 “mortuorum

76 393 247 482 laudationes
255 394 318 483 fort·
330 391 480 483 ⁸deleclant.
498 390 535 450 Et
540 390 664 450 hercules
670 390 717 449 hae
730 392 845 470 quidem
854 393 966 455 exstant.

75 469 236 610 mentm
250 470 364 530 famrlrae
376 470 422 529 sua
435 467 510 548 quast
522 480 687 528 ornamenta
700 511 710 539 ,
736 488 768 529 ac
783 484 968 533 monumenta
979 476 1020 539 62·

148 548 233 619 bant,
254 545 324 607 &ad
331 546 427 616 usum,
446 545 540 624 siquis
553 545 675 624 ejusdem
688 549 797 623 generis
810 546 969 621 occidillet,

74 624 145 684 &ad
154 624 446 684 memoriamlaudutn
455 622 685 692 domesticarum,
706 624 968 687 &adillustrandarn

74 700 251 762 nobilitatem
257 702 342 761 suam.
360 717 532 779 quamquam
538 700 580 759 his
592 698 792 759 laudationibus
803 701 912 762 historia
925 721 970 763 re-

72 775 596 839 rumnostnrumestfactamendofior.
618 775 708 835 Multa
716 777 792 836 enirn
805 778 900 856 scripta
907 780 969 841 sunt

72 853 167 925 dreis,
188 854 480 932 quaetattannnsunt,
499 852 558 913 falsi
570 853 720 931 triumphi,
740 853 829 930 plures
843 856 967 917 consule-

70 929 1078 1083 ennarantinnzttrtatlnrnrtnntn

70 1071 311 1161 detentirrgenue:
332 1047 379 1156 ui,
394 1083 531 1162 sregorne
548 1082 565 1141 it
582 1089 607 1132 ⁵⁶
617 1086 660 1143 M.
667 1082 764 1143 Tullio
772 1083 826 1143 effe
833 1085 967 1159 dicerem,

919 1167 970 1242 qui

100 1292 143 1339 5⁴-
162 1278 468 1339 manumitterentur]
485 1281 539 1327 Hac
551 1276 582 1328 de
592 1291 619 1327 re
630 1278 719 1327 Cicero
730 1275 763 1329 fic
773 1278 816 1329 lrb.
823 1283 854 1330 11.
867 1280 965 1345 deLeg.

67 1335 176 1396 scribit:
200 1347 358 1394 Honoratorum
372 1346 473 1391 virorum
488 1345 560 1390 laudes
578 1345 603 1389 in
618 1347 712 1390 concione
722 1357 871 1401 memorante,
892 1349 969 1411 easque

67 1409 141 1453 cim
152 1409 184 1454 ad
192 1423 280 1466 centes,
296 1409 326 1455 ad
334 1409 444 1455 tibicinem
450 1408 609 1471 prosequenter.
628 1410 685 1454 Haec
696 1420 754 1455 vero
766 1407 853 1456 lexvcl
865 1407 968 1458 consue-

67 1467 135 1518 tudo
148 1468 266 1519 laudandi
277 1482 389 1518 mortuos
400 1486 431 1519 ex
443 1486 474 1519 eo
485 1483 545 1519 nata
555 1468 603 1527 est,
620 1468 688 1534 quod
700 1476 724 1519 Ρ.
732 1471 842 1519 Valerius
855 1471 969 1521 Publico-

67 1531 95 1583 la
113 1537 219 1583 Brutum
235 1534 359 1600 collegam
376 1535 402 1582 in
419 1534 539 1583 concione
555 1530 683 1590 laudavit,
712 1548 765 1599 qua
786 1532 897 1585 laudatio
919 1536 968 1587 fuit

70 1598 192 1647 omniurn
221 1602 296 1656 rima,
313 1597 372 1655 nrt,
387 1599 469 1664 inquit
480 1596 689 1655 Pltrtarchns,hoc
698 1596 777 1661 ipsum
788 1599 863 1645 Solon
876 1599 970 1662 primus

68 1658 190 1717 instituit,
197 1614 237 1712 sid
244 1660 374 1726 Dionysius
385 1674 459 1729 negat
469 1660 567 1727 idquen
587 1675 645 1710 uam
655 1663 720 1725 prius
732 1658 865 1710 instituisse.
874 1668 969 1725 Qrarn·

69 1723 109 1773 vis
122 1725 195 1773 enim
206 1727 286 1789 po'e'tae
298 1727 433 1774 certamina
443 1724 554 1790 quadarn
569 1676 598 1773 ic
614 1723 686 1772 ludos
702 1725 730 1772 in
741 1739 889 1790 magnorum
900 1727 969 1775 viro-

69 1801 128 1844 tum
141 1786 228 1835 funere
239 1786 319 1837 factos
331 1788 432 1846 dicant,
450 1800 476 1835 ut
494 1786 524 1836 ab
542 1787 641 1837 Achille
656 1788 684 1835 in
701 1786 785 1835 funere
802 1790 919 1846 Patrocli,
936 1789 968 1839 ab

70 1851 183 1902 Hercule
194 1852 220 1900 in
231 1851 316 1899 firnete
328 1852 424 1915 Pelopis
435 1884 443 1905 ,
466 1851 496 1897 ab
505 1855 581 1899 AEnea
592 1851 624 1897 ad
634 1850 709 1914 patris
719 1851 841 1899 mnndum
854 1877 862 1905 ,-
884 1852 968 1902 iauda-

71 1915 161 1969 tiones
171 1927 256 1963 tamen
267 1912 344 1964 distat
361 1929 413 1962 non
428 1912 540 1965 scribunt.
574 1913 622 1976 Qui
640 1912 718 1963 Grcci
734 1911 831 1979 postea,
848 1930 924 1981 quum
939 1918 968 1967 &

71 1968 120 2043 lpfi
132 1977 303 2036 laudationes,
319 1992 380 2045 qaas
390 1976 508 2037 ieteaelae
518 1990 609 2028 vocant
621 2014 629 2037 ,
650 1972 803 2027 instituilsent
815 2013 823 2035 ,
839 1994 969 2047 nunquam

71 2052 231 2100 carnencas,
247 2040 291 2092 nisi
304 2041 335 2091 de
345 2042 416 2099 virle,
433 2043 476 2109 qui
486 2040 553 2092 bello
595 2038 700 2098 riiffent,
716 2038 852 2098 habebant,
863 2056 890 2093 ut
902 2043 968 2110 apud

72 2105 223 2163 Platonem,
240 2105 409 2171 Thucydidem
421 2109 447 2157 δι
459 2106 560 2156 Demost
569 2121 651 2155 renem
662 2106 743 2155 videre
754 2101 886 2170 possumus.-
912 2113 968 2157 lto-

74 2172 148 2219 mani
162 2183 243 2217 autern
254 2184 355 2229 omnes,
372 2170 416 2237 qui
426 2171 472 2220 viri
482 2167 579 2221 fuissent
591 2170 650 2219 clari
661 2184 808 2235 quocunque
819 2186 907 2237 genere
918 2172 969 2222 vit·

75 2234 139 2281 tutis
152 2266 159 2287 ,
175 2232 306 2281 laudabant
319 2268 328 2291 ‚
349 2246 424 2309 atque
436 2234 518 2292 adeo,
540 2233 608 2300 quod
619 2233 700 2283 scribit
712 2234 890 2299 Qaintilinnut,
907 2233 935 2284 sa

76 2297 100 2346 8.
110 2302 141 2347 c.
149 2295 252 2361 idipsam
262 2290 619 2363 magistratibus'arrandabatun
636 2299 702 2362 Qrin
713 2312 742 2345 ea
753 2310 790 2344 ree
801 2299 876 2347 ctiam
888 2298 918 2346 ad
929 2245 969 2349 iic

77 2361 161 2408 minas
171 2360 254 2425 postea
264 2362 383 2410 translata
395 2362 474 2421 est,&
486 2362 566 2436 prima
577 2362 689 2409 omniurn
700 2360 795 2425 Popilia
805 2375 883 2409 maret
894 2360 968 2412 ‘aca-

77 2423 150 2479 tulo,
165 2436 191 2470 ιιι
202 2424 228 2471 in
239 2422 305 2473 libris
318 2426 439 2474 oratoriis
449 2425 551 2481 dicatur,
563 2424 596 2473 est
607 2424 713 2473 laudata.
731 2425 796 2473 Hinc
806 2424 870 2488 apud
882 2429 968 2474 Sueto·

80 2487 152 2535 ιιίιιιιι
164 2488 240 2536 Cafirr
253 2488 356 2556 questor
372 2488 464 2554 Jnliam
482 2490 585 2537 amitam
599 2504 751 2554 uxoremque
767 2488 912 2537 Corneliam
924 2488 968 2537 de-

78 2547 176 2599 tanais
188 2552 201 2599 'e
214 2566 283 2600 mort·
293 2566 338 2617 pro
350 2552 432 2601 rostris
448 2550 554 2603 laudalle
569 2550 663 2601 dicitur.
696 2557 758 2610 Eas,
775 2551 891 2617 inquam,
907 2567 967 2616 pro·

79 2614 166 2680 pinqui
183 2612 319 2672 habebant,
336 2617 448 2689 quantivis
464 2617 507 2665 alii
522 2612 677 2684 scripfiss'ent,
699 2629 726 2665 ue
738 2616 825 2665 cicero
842 2614 966 2664 laudatio-

78 2692 138 2727 nern
150 2680 236 2727 l’orcie
248 2676 270 2727 se
282 2676 395 2751 scriplrlsc
412 2680 439 2728 in
454 2679 562 2744 epistolia
578 2678 610 2729 ad
622 2680 733 2729 Atticum
748 2693 801 2727 non
818 2675 893 2726 scinci
904 2694 967 2728 con-

79 2739 170 2791 fimat.
190 2746 276 2792 timaei.

113 2820 150 2861 55.
168 2812 194 2851 ln
205 2808 301 2854 alienum
311 2808 402 2919 αι’κξίηη
412 2810 506 2855 neminie
517 2807 681 2867 infunderentur
686 2810 846 2871 genus.]Etgo
857 2805 969 2870 priorum

79 2868 160 2917 nullus
182 2867 286 2934 dignam
306 2869 339 2917 lnr
356 2872 391 2919 uit
404 2869 459 2981 Jos.
472 2871 585 2937 Scaligcri
602 2870 782 2930 comesturam,
799 2884 851 2934 qun
868 2870 895 2916 in
912 2880 967 2919 tam

78 2932 126 2980 levi
139 2932 244 2981 aliorum
255 2932 325 2982 turba
336 2934 404 2981 laica
421 2932 570 2983 horresceret?
586 2934 633 2983 lile
644 2946 726 2982 autern
737 2946 841 2997 magnus
855 2934 892 2980 vir
907 2947 968 2996 prae·

79 2992 172 3044 ferebat
184 2997 343 3057 infindrrcurur.
367 2996 447 3062 Ipsum
459 2996 514 3046 vide
524 2997 556 3045 de
566 2997 745 3046 Etncndationc
757 3010 897 3060 temporum
907 3010 966 3064 pag.

77 3066 133 3114 629.
152 3059 243 3125 Utique
255 3059 421 3119 arundine,
438 3066 510 3109 Gratus
521 3062 633 3109 ambarum
644 3064 669 3122 se
676 3064 779 3125 fintguine
790 3061 860 3122 findet
874 3060 900 3105 ab
916 3078 968 3109 uno.

79 3125 158 3173 Gron.

111 3195 149 3243 56.
167 3191 203 3237 Μ.
215 3191 309 3247 Tullia}
326 3189 371 3246 Sic,
383 3200 501 3255 quantum
513 3189 594 3246 video,
605 3190 710 3238 retinent
720 3188 747 3236 in
758 3183 856 3237 edendo
870 3199 968 3237 ornnes.

79 3249 126 3298 sed
137 3252 188 3310 iarn
201 3256 257 3300 Οιιιι
275 3252 353 3309 hrius,
370 3255 420 3314 jain
432 3253 543 3319 Sigonius
559 3266 612 3301 tam
628 3254 655 3301 itt
671 3249 746 3301 Fastis
763 3252 839 3317 quirin
855 3249 885 3298 ad
902 3250 967 3299 Livii

78 3312 169 3363 librum
180 3268 323 3373 secundum,
340 3318 391 3375 ianr
403 3318 483 3383 Pigius
495 3317 526 3365 ad
542 3330 634 3365 annum
647 3331 733 3365 ecurt.
764 3318 791 3363 in
807 3313 912 3364 citandis
927 3313 968 3363 hia
1043 3369 1047 3378 ¹

78 3375 158 3427 verbis
170 3378 259 3428 habent
271 3381 317 3429 Μ’.
330 3382 356 3430 &
369 3396 398 3429 ex
415 3379 535 3444 Dionylio
553 3379 637 3428 taaleni
654 3380 745 3428 didlcrn
762 3377 831 3427 fniffc
848 3376 969 3441 probant,

78 3454 104 3490 ut
118 3441 181 3490 adeo
194 3444 251 3491 licet
264 3440 364 3508 scriptos
375 3445 451 3494 libros
462 3460 514 3493 non
525 3440 643 3501 viderim,
667 3443 697 3492 ab
709 3442 816 3491 novellis
833 3440 971 3491 editoribus
1023 3385 1046 3562 ⁴

79 3503 145 3553 abire
155 3504 187 3553 ad
195 3503 299 3571 priscani
310 3508 444 3557 lectionem
456 3524 508 3558 non
521 3506 715 3557 dctreilarer'rm.
747 3510 782 3556 Et
795 3502 879 3555 lraneo
890 3506 980 3571 niceti·

69 3568 332 3640 comperiensque
343 3570 434 3630 ceusu.
453 3578 683 3700 cmktntcgtum
691 3570 817 3634 ww}
827 3565 1046 3692 emilii*

556 3656 586 3700 m
602 3658 620 3699 a
973 3677 977 3688 “
