2160 3900
372 111 630 178 Bnunun
874 126 943 196 ·wt

10 274 23 287 ,,
50 210 91 279 lio
106 213 337 290 ‘mulilamlege
344 214 464 290 llquillia
477 213 540 271 de'k
544 212 646 288 justitia
658 208 800 287 petivisset.
820 212 891 271 Non
900 204 974 273 ·fi-k

54 292 154 355 tillem
168 293 291 349 hominis
303 290 383 367 paene
397 290 485 347 infimi
499 291 694 369 mentionem,
711 288 761 349 uisi
771 288 926 365 judicarem
936 284 981 389 ,ἓ

10 362 21 449 J
54 372 108 449 qui'
117 368 286 443 suspiciosius
300 382 347 426 aut
361 366 530 425 criminosius
543 364 648 425 diceret
661 384 679 436 ,·
691 362 819 426 audivisse
834 379 948 429 mene-

10 500 14 516 ,
48 462 177 507 ²mmem.

10 528 14 591 ζ
48 548 52 555 ·
91 521 541 583 XXXV.Dociusnu1nu
563 516 946 591 GraecisT.Albuciu8,ve³l

10 604 12 613 ’
48 600 171 679 ¹potius,
192 596 274 672 paene
294 600 416 656 Graecus.
448 599 564 675 loquor,
584 610 616 655 ut
628 598 751 671 opinor:
771 599 817 658 sed
834 599 947 656 licet'ex

53 676 230 737 orationibus
240 674 373 748 judicare.
392 675 454 732 Fuit
466 688 560 732 autem
566 674 683 731 Athenis
698 673 872 746 adolescens,
903 693 945 733 et·

53 752 148 813 scetus
162 752 312 826 Epicureus
325 751 465 821 evaserat,
492 749 719 826 minime‘aptum
740 752 775 811 ad
794 695 945 813 dicenbm

14 883 23 902 ,
54 846 156 907 genus,

93 906 162 979 Jam
177 907 236 978 ⁷Q.
244 904 370 973 Catulus,
390 921 449 962 non
462 905 576 981 antiquo
588 904 637 962 illo
651 921 748 973 more,
767 903 812 963 sed
825 904 882 963 hoc
893 911 981 983 rio-13

53 982 113 1043 {lto
129 979 190 1057 (nisi
197 980 265 1057 quid
277 978 335 1038 fieri
348 981 436 1057 potest
448 981 605 1057 perfectius)
620 981 747 1039 eruditus.
768 980 864 1039 mu'ltae
875 982 948 1043 litte·

55 1076 115 1128 rae,
138 1057 383 1115 summtnonvitae
397 1056 499 1126 solum,
519 1072 547 1115 at
567 1075 603 1115 ue
616 1068 737 1128 naturae,
756 1057 802 1115 sed
816 1060 947 1119 orationis

52 1137 149 1195 'etiam
158 1135 294 1203 comitas,
315 1135 470 1209 incorrupta
484 1076 614 1210 quaebm
627 1133 721 1191 Latini
732 1134 864 1193 sermonis
876 1136 947 1195 inte·

51 1212 158 1289 gtitas:
179 1228 243 1286 quae
256 1210 369 1285 perspici
384 1209 448 1268 cum
463 1228 498 1269 ex
512 1211 682 1269 orationibus
692 1210 749 1285 ejus
761 1210 866 1284 potest,
884 1224 947 1274 tum

55 1287 192 1349 facillime
207 1306 241 1344 ex
256 1306 290 1344 eo
304 1287 388 1356 libro,
409 1305 494 1362 quem
510 1287 545 1345 de
564 1286 703 1345 consulatu
723 1286 794 1345 &de
806 1287 948 1367 tebus'ge-

51 1364 105 1425 stis
117 1363 168 1421 suis
175 1364 279 1422 conseri
298 1375 358 1422 tum
372 1365 451 1422 molli
472 1365 502 1422 &
514 1364 722 1441 Xenophonteo
735 1380 837 1438 genere
843 1365 948 1427 sermo-

51 1442 121 1509 nis,
141 1439 254 1498 mifitad
298 1440 423 1499 ,Furium
436 1446 568 1517 poetam,
589 1440 772 1499 ⁸nmiliarem
784 1440 878 1500 suum:
897 1446 947 1521 qui

53 1516 130 1587 liber
144 1516 230 1650 mlblo
238 1519 331 1576 notior
345 1518 399 1589 est,
418 1517 547 1595 quimilli
553 1530 623 1587 tres,
643 1516 782 1594 dequibus
795 1516 859 1575 ante
872 1518 946 1592 dixi,

56 1593 157 1653 Scauri
179 1592 188 1649 i
207 1594 237 1650 ti.

102 1669 185 1727 Tum
198 1670 311 1741 Brutus,
330 1672 404 1730 Mihi
416 1671 530 1748 quidem
537 1688 590 1730 nec
598 1669 645 1728 iste
658 1680 741 1729 notus
754 1668 806 1740 est,
825 1686 880 1730 nec
893 1672 946 1809 ilsli:
959 1688 981 1748 ις

886 1753 950 1813 ⁹ed

93 1877 117 1917 6.
136 1874 245 1919 stultiam
256 1875 296 1935 lige
307 1873 419 1934 Aquilia
428 1872 549 1932 dejmsiria
562 1872 696 1935 pen'viffer.]
718 1872 807 1919 ¹Malui
818 1872 947 1937 ieptaesen-

55 1948 115 1983 nte
126 1930 267 1998 sciipturam
278 1936 389 1985 omnium
399 1946 508 1983 veterum
519 1936 650 1995 librorum,
667 1948 742 1999 quam
753 1932 949 2001 supponetecum

62 1999 194 2047 neoteiicis
207 2002 245 2047 vel
258 2002 385 2061 injustitia,
407 2001 446 2048 vel
459 2003 544 2060 injuria
556 2018 564 2044 :
581 2014 701 2067 tanquam
711 2004 816 2065 potuerit
828 2000 869 2049 hic
878 2000 949 2051 fuisse

59 2062 96 2110 de
112 2076 143 2107 eo
160 2077 247 2126 genere
262 2062 412 2119 hominum,
434 2064 477 2130 qui
498 2061 659 2113 adversarium
676 2062 743 2112 suum
758 2065 836 2129 :aput
853 2065 880 2113 iu
896 2068 950 2129 jus,

55 2123 132 2191 quod
142 2127 235 2188 parcius
246 2127 345 2188 penore
356 2128 433 2175 telum
445 2123 573 2192 recepisset.
591 2134 680 2177 Gruter.

97 2204 119 2245 7,
136 2192 275 2253 Qvatutus.
280 2197 289 2247 J
322 2197 356 2253 Q
368 2194 476 2240 Lutatius
493 2193 614 2247 catulus,
638 2192 742 2246 ndei&
754 2190 882 2247 Auidii&
897 2190 950 2243 sete

60 2250 157 2314 semper
168 2251 182 2296 ὲ
194 2252 323 2300 Plutarcho
335 2256 431 2303 uiuus:
454 2254 545 2303 idcirco
559 2260 661 2303 Lutatius
674 2256 761 2305 Latine
776 2252 845 2305 scribi
860 2254 947 2311 debet,

62 2314 192 2381 piaelenim
211 2329 287 2378 quum
304 2314 402 2381 sempet-
412 2319 439 2365 in
456 2332 563 2367 vetentm
584 2320 770 2374 monumentis,
792 2320 819 2369 &
835 2320 861 2367 in
878 2318 947 2369 libri:

62 2381 142 2427 etiam
152 2376 319 2441 manuscriptis
330 2381 365 2426 itu
376 2378 497 2431 suibatur.
530 2386 596 2430 cum
607 2386 636 2432 C.
645 2383 740 2437 Matio,
757 2396 824 2431 anno
835 2385 865 2431 ab
875 2388 904 2433 V.
912 2388 944 2434 C.

62 2446 166 2491 DCLII.
179 2438 260 2490 consul
272 2443 333 2497 fuit,
351 2446 376 2491 δι
388 2456 443 2491 eum
454 2444 543 2492 eodem
556 2446 638 2494 Matio
649 2444 680 2493 de
691 2443 798 2509 cimbris
808 2446 945 2513 triumpha-

61 2506 114 2562 vit,
131 2518 156 2553 ut
169 2504 246 2555 scribit
260 2506 416 2561 slutaieluuf
426 2507 510 2570 postea
526 2524 585 2556 veto
596 2511 623 2556 in
639 2510 705 2559 civili
719 2509 789 2557 bello
802 2510 881 2559 tristor
896 2512 946 2559 ita-

62 2583 116 2625 tus,
134 2571 267 2620 necellatiis
285 2568 411 2636 Qcatuli
424 2572 626 2634 deprecantibus,
650 2588 702 2621 non
718 2570 790 2621 semel
803 2570 945 2639 respondit:

61 2638 185 2693 moriatur,
202 2649 228 2683 ut
240 2638 327 2686 cicero
339 2630 432 2684 Tuscul.
446 2640 474 2683 V.
486 2635 567 2686 tescit.
585 2639 642 2685 vite
652 2638 726 2711 igitur
737 2633 760 2685 se
770 2633 819 2700 ipse
830 2637 944 2701 privavit,

64 2709 91 2742 ut
104 2698 183 2749 valet.
197 2705 266 2749 Max.
280 2699 330 2751 Lib.
338 2704 379 2748 lx.
393 2714 459 2749 c.12.
472 2697 566 2757 sctibit,
583 2713 672 2749 recenti
684 2701 749 2749 calce
759 2700 840 2755 illito,
852 2700 946 2749 multo·

64 2775 113 2870 cesule
124 2762 175 2826 igni
185 2764 348 2827 percalefacto
360 2762 477 2813 cubiculo.
506 2770 545 2813 De
556 2766 602 2813 hac
614 2778 639 2813 re
650 2761 767 2815 videndus
778 2765 853 2811 etiam
864 2770 946 2815 Patet*

105 2839 140 2873 us.
159 2831 244 2875 corraei.

99 2897 120 2936 ε.
139 2894 280 2937 familiarem
287 2894 373 2951 finem]
388 2893 506 2957 Quamvis
517 2892 606 2959 figulus
618 2892 708 2959 figulo,
723 2904 749 2939 ut
766 2890 865 2947 dicimr,
880 2862 947 2942 inii·

64 2949 155 2999 dent&
168 2955 243 3016 poeta
255 2956 349 3016 poe'tae,
365 2960 432 3003 Deus
443 2969 540 3013 tumen,
561 2970 589 3005 ut
598 2958 673 3005 etiam
684 2954 783 3013 dicitur,
798 2954 904 3005 similem
913 2956 946 3007 nil

65 3014 171 3064 similem
182 3015 255 3064 ducit.
274 3017 313 3066 ob
324 3018 349 3065 id
362 3020 478 3076 Catulus,
494 3034 520 3067 ut
529 3021 593 3084 peni
602 3022 679 3084 poet-1
689 3022 776 3085 postas
791 3020 902 3085 amabat,
917 3034 946 3071 ut

66 3078 106 3127 liic
119 3080 149 3127 de
160 3082 246 3136 Furio,
263 3083 288 3129 δι
300 3082 326 3128 in
333 3082 454 3131 Oratione
467 3098 512 3147 pro
524 3082 612 3131 Archia
629 3082 660 3130 de
676 3080 728 3148 ipso
740 3082 825 3133 Archia
841 3082 944 3139 coiisht,

10 3196 14 3201 ,
66 3143 140 3205 Quod
151 3159 208 3192 vero
224 3142 272 3208 ipse
285 3146 386 3193 catuna
403 3149 479 3210 poeta
489 3146 560 3193 fiietit
574 3179 582 3201 ,
598 3148 726 3209 carmina,
742 3162 792 3213 que
804 3142 855 3196 Lib.
868 3152 887 3199 1.
905 3154 947 3201 De

68 3212 126 3255 Nat.
142 3213 215 3256 Deor.
228 3210 358 3273 leguntur,
381 3211 407 3257 δι
417 3224 470 3275 que
482 3207 533 3257 sunt
544 3208 610 3273 apud·
625 3212 738 3261 Gellium
756 3208 871 3261 Libxlx.
890 3226 945 3269 oy,

64 3269 247 3328 demonstrant,
266 3287 317 3337 quae
329 3272 429 3337 quidem
440 3275 474 3321 ita
485 3270 536 3320 sunt
548 3269 658 3331 lasciva,
681 3290 708 3325 ut
720 3274 779 3327 Plin.
790 3271 817 3321 ill
926 3279 931 3290 “

66 3347 94 3381 to
107 3335 158 3382 Liv.
167 3340 195 3382 V.
209 3334 280 3399 Epist.
299 3336 365 3385 inter
380 3334 482 3384 lascivos
499 3338 640 3387 nunciant.
675 3336 794 3389 Nec-dubi
851 3357 856 3365 ·
875 3378 878 3383 .

64 3396 125 3459 quin
136 3398 158 3442 is
167 3396 240 3445 merit
251 3398 353 3447 catulus
362 3412 445 3465 patei,
461 3412 537 3465 quum
548 3400 640 3452 eiecto
652 3402 705 3455 uib.
717 3406 737 3451 1.
749 3346 806 3529 De}

51 3471 153 3522 patrem
166 3472 254 3512 vocen-
263 3465 332 3513 Idem·

815 3578 835 3645 l.

837 3654 852 3702 t
