2280 3922
219 132 280 199 472
397 110 528 178 -DE
570 111 876 182 Onnr'ou'rr

219 220 377 281 audiamus:
394 221 432 278 ita
438 217 473 278 de
479 219 679 280 horridisiebus
685 221 789 291 nitida,
802 222 844 282 de
846 223 990 301 jejunisplei

218 296 799 374 peruulgatisnovaquaedamesloratiotua.

172 390 205 448 ῃ
257 374 454 440 Facilesenim‚
473 374 578 449 inquit,
598 376 721 442 Antoni,
742 386 883 450 parteseae
896 378 990 435 fuentnt

60 452 205 563 meunt.
219 470 284 528 quas
290 450 379 509 modb
392 452 584 524 rpercucuni,
603 450 647 508 vel
653 451 743 525 potius
750 451 835 527 paend
847 455 973 529 praeterii‚
986 453 990 508 l

102 578 108 591 ,
131 514 176 564 “⁷
217 522 364 605 loquendi,
384 525 648 601 plandquedicendiz-
667 526 851 602 reliquaesunt
864 547 981 604 magnae,

61 577 115 640 μό·
219 617 311 674 catae‚
329 602 437 671 variae,
456 620 567 678 graves,
586 603 680 680 quibus
700 605 794 661 omnis
814 605 990 663 admiration

217 683 309 741 omnis
320 679 378 738 laus
391 679 558 755 eloquentiae
571 681 733 738 continetur.
762 681 861 739 Nemo
876 684 949 740 enim
959 698 990 739 nn

216 757 254 817 ess
267 768 424 826 oratorem,
443 754 521 834 quod
534 752 633 814 Latind
645 755 822 832 loqueretur,
841 757 984 816 admiratus.

215 835 307 903 aliter,
325 834 436 893 irrident
441 856 450 901 ;
471 850 561 909 nique
574 849 639 890 eum
653 843 796 889 oratorem
810 832 990 893 tantummodi

215 906 363 981 hominem
378 928 436 969 non
449 922 550 985 putam.
575 914 672 965 Nemo
685 908 781 965 extulit
794 927 863 968 eum
877 912 973 979 verbis,
987 930 990 960 ι

217 986 340 1057 dixisset,
359 1000 406 1054 ut,
426 986 473 1063 qui
486 980 620 1064 adessent,
638 983 823 1061 intelligerent
834 987 906 1120 psusd
918 987 990 1046 dicere

218 1064 453 1132 contemsrteum‚
472 1059 832 1139 quiminlrsidfacerepotui
856 1074 892 1121 et.

171 1154 206 1215 53
256 1142 289 1201 ln
304 1160 361 1220 quo
375 1141 454 1217 igitur
466 1137 593 1195 homines
613 1137 807 1195 exhorrescunt
823 1138 835 1194 ?
856 1138 990 1215 quemstn]

195 1222 198 1229 '
217 1218 358 1278 dicentem
365 1211 520 1275 intuentur?
535 1214 632 1289 inquo
646 1213 821 1271 exclamant?
842 1233 930 1291 quem
942 1215 990 1273 deur

215 1296 253 1354 ita
261 1295 366 1365 dicam,
386 1288 708 1364 interhominesputant?
727 1291 774 1365 qui
790 1289 932 1363 dminete,
949 1290 987 1367 qui

215 1370 292 1441 cate,
311 1372 357 1449 qui
370 1363 552 1434 abundanter,
571 1367 618 1442 qui
639 1365 789 1424 illuminate
804 1369 834 1425 &
849 1370 942 1438 rebus,
963 1369 986 1424 ὃ(

215 1448 325 1521 dicunt,
345 1447 374 1504 de
384 1443 412 1501 in
426 1441 478 1520 ipsa
492 1444 617 1500 oratione
630 1441 703 1518 quasi
715 1443 859 1516 quendam
875 1460 990 1504 numeror

94 1570 111 1617 h
166 1572 172 1582 .
216 1517 499 1601 suinqueconficiunt:
519 1517 607 1588 idest,
622 1517 785 1594 quoddic0‚
799 1522 907 1580 ornate.
925 1522 990 1596 Qui*

77 1584 198 1683 carmarias
216 1600 253 1658 ita
261 1598 489 1663 moderantur,ut
496 1613 602 1662 rerum,
614 1607 644 1650 ut
650 1592 826 1669 personarum
834 1596 990 1673 dignitatess

46 1712 59 1745 r
93 1668 723 1751 n(311,aniisulntineogeneielaudandilaudis,‚
735 1672 990 1751 quodegoaptuins

53 1752 208 1819 'bonnaria
215 1750 311 1829 grueria
324 1749 495 1816 rnominjom.
751 1752 754 1761 ⁴

72 1826 75 1831 '
170 1844 205 1901 54
249 1825 309 1899 Qui
316 1825 354 1903 ita
365 1824 501 1895 dicerent,
522 1824 685 1901 eosnegavit
696 1823 786 1882 adhue
800 1823 931 1885 sevidisse
938 1827 990 1885 Ant

210 1903 240 1959 ὃ(
254 1902 284 1959 iis
298 1900 357 1981 hoe
374 1919 480 1976 nomen
500 1901 566 1979 dirrit
578 1902 743 1979 eloquentiae
762 1900 824 1959 solis
838 1902 894 1960 esse
906 1904 990 1961 tribuet

207 1979 303 2052 Quare
318 1986 416 2050 ornnes
428 1977 512 2049 istos,
532 1994 578 2036 ine
597 1978 709 2035 aussore
725 2020 733 2045 ,
753 1975 880 2037 deridete
894 2022 903 2049 ,
922 1991 990 2054 atque

207 2056 340 2130 temnite,
359 2054 406 2128 qui
419 2054 445 2112 se
457 2055 574 2122 horum,
594 2055 643 2128 qui
656 2070 729 2110 nunc
743 2053 781 2109 ita
793 2054 977 2129 appellantur,

207 2147 270 2187 rum
278 2130 420 2205 praeceptis
427 2148 541 2188 omnem
550 2128 690 2188 oiatorum
704 2129 763 2185 vim
779 2131 945 2206 complexos
957 2127 990 2190 esl

207 2217 327 2275 trantur,
348 2223 439 2283 neque
453 2205 541 2264 adhue
553 2223 637 2282 quam
650 2204 794 2280 personam
814 2217 947 2276 teneant,
964 2224 990 2265 au

207 2282 402 2359 profiteantur,
422 2280 731 2369 intelligerepotuenint.
753 2282 981 2343 ²³Verdmenint

207 2360 247 2428 ri,
268 2360 587 2436 quaesuntinhomrnum
594 2359 667 2425 viia,
685 2356 954 2433 quandoquidemin
966 2376 990 2417 ei

207 2447 252 2493 tur
260 2448 367 2505 orator,
387 2432 706 2510 atqueeaesteisubjeeia
720 2435 865 2504 materies,
885 2438 990 2496 omnia*

198 2520 252 2579 ta,
273 2512 381 2581 audita,
400 2510 485 2580 ledia,
505 2509 650 2585 disputata,
670 2508 800 2578 tractata,
813 2511 990 2586 agitataesled

158 2591 193 2648 55
246 2588 373 2645 Estenim
388 2587 544 2662 eloquentia
550 2604 604 2661 una
612 2586 741 2662 quaedam
755 2583 791 2643 de
803 2585 922 2648 summis
935 2592 990 2649 virtt

205 2681 375 2740 quamquain
383 2663 442 2720 sunt
449 2680 546 2720 omnes
552 2664 664 2720 virtutes
670 2660 931 2741 aequales&pares,
947 2664 989 2725 sed

204 2741 241 2797 est
248 2741 348 2816 speeies
355 2738 404 2796 alia
413 2739 497 2814 magis
504 2731 681 2796 alidsormosa
695 2739 724 2796 δι
736 2737 857 2798 illustris:
881 2738 950 2800 sicut
960 2742 990 2799 ha

202 2835 266 2892 quae
281 2816 420 2872 scientiam
435 2814 579 2889 complexa
594 2832 685 2872 rerum
700 2857 708 2882 ‚
734 2813 806 2871 sensa
821 2820 943 2888 mentis,
961 2820 989 2876 &

202 2894 254 2965 lia,
275 2891 311 2949 sic
319 2891 407 2948 verbis
415 2908 447 2966 ex
466 2891 546 2958 licat,
564 2900 595 2946 ut
610 2906 675 2958 eos,
694 2890 742 2966 qui
755 2889 893 2964 audiunt,
914 2911 990 2971 quon

202 2967 369 3034 incubuerit,
389 2985 427 3042 po
449 2977 468 3024 rt
481 2964 636 3041 impellere;
656 2969 721 3043 q'uae
734 2982 794 3041 quo
803 2969 899 3045 major
913 2970 990 3029 estid

203 3045 240 3111 est
255 3044 345 3117 magis*
354 3043 488 3123 probitate
498 3040 654 3117 jungenda,
673 3041 841 3118 summaque
848 3046 990 3122 prudentia

202 3122 264 3191 runi
279 3121 412 3191 virtutum
426 3117 578 3195 expertibus
593 3116 612 3176 fi
626 3116 734 3187 dicendi
753 3120 876 3194 copiam,
885 3122 990 3203 tradido

233 3334 271 3390 ,²³2
291 3314 367 3362 Veram
378 3318 434 3386 cnirn
445 3318 546 3386 oratori]
562 3314 640 3387 'Nihil
652 3308 787 3390 disctessd'nt
806 3320 926 3383 Palatini,
956 3325 990 3371 1⁴¹

199 3379 275 3448 edidit
288 3378 345 3425 Veri.
365 3379 510 3425 Gulielmius
521 3376 625 3427 faciebat
636 3385 726 3446 Rerum.
750 3394 776 3430 at
788 3378 857 3448 quid¹
864 3384 884 3437 fi
895 3388 990 3437 ime

200 3459 285 3522 ffimqs,
292 3439 399 3507 pofitum
409 3456 454 3522 pro
466 3446 597 3523 Enimvero.¹
613 3446 684 3518 Gripi.
987 3448 990 3457 ’
