2280 3922
129 125 192 209 598
444 116 699 183 onror.

67 226 120 293 [145
172 230 215 289 lta
227 230 304 289 enlm
312 221 394 286 multa
405 228 468 280 tum
482 230 579 280 contra
590 218 719 296 scriptum
732 222 783 298 pro
795 237 880 300 aequo
895 222 926 281 dr
938 221 1023 282 bono

134 306 219 379 dixit,
237 301 415 365 urhominem
428 298 631 367 acutiffimum,
651 299 690 373 Q.
698 298 870 368 Scaevolam,
891 301 921 359 &
934 300 964 357 in
978 301 1023 378 ju-

133 403 181 454 m,
199 383 229 441 in
243 397 297 458 quo
309 375 353 433 illa
365 373 443 432 causa
461 375 632 444 vertebatur,
651 375 847 450 paratiffimum
863 418 872 445 ,
891 376 1023 434 obrueret

132 467 352 536 argumentorum
372 449 621 528 exemplorumque
640 454 720 526 eopia
736 472 743 511 ι
763 464 846 530 atque
859 453 897 511 ita
910 464 972 510 tum
987 453 1023 511 ab

133 537 174 595 his
186 529 301 611 patronis
312 527 477 603 aequalibuS,
496 529 581 599 etiam
588 527 783 598 consularibus,
804 528 934 588 causailla
948 529 1022 591 dieta

134 611 187 680 est,
205 607 267 665 clun
277 613 394 680 uterque
409 622 444 662 ex
458 604 593 663 contraria
605 615 681 679 parte
696 605 824 664 'useivile
839 604 1018 675 defenderer,

132 683 193 746 arel
232 681 357 739 nentium
367 680 605 757 jurisperitiffimus
612 679 666 738 Cra
687 699 728 752 us,
732 682 951 759 jurisperitorum
959 683 1022 741 elo-

131 698 314 838 quefflffimus
322 757 448 816 Scaevola
461 770 618 834 putaretur:
637 758 685 833 qui
698 759 813 836 quidem
828 757 894 819 cnm
906 776 1022 834 peracu-

129 831 286 894 tuseffetad
299 834 533 910 excogitandum,
551 832 618 912 quid
631 835 660 900 in
670 835 749 910 jure,
769 846 817 893 aut
829 836 860 893 in
874 852 957 911 aequo
970 853 1021 893 ve-

129 928 191 969 rum
203 922 250 969 aut
260 909 340 985 effer,
361 923 473 970 autnon
481 910 562 986 esset,
581 923 642 970 tum
656 912 816 984 uerbiserat
829 911 938 984 adrem
952 928 1020 970 cum

79 1008 86 1031 τ·
115 985 630 1065 ·sommabrevitatemirabiliterapms.

69 1069 121 1147 146
168 1066 264 1140 Quare
277 1065 309 1124 fit
321 1065 400 1125 nobis
414 1064 604 1125 oratorinhoc
610 1065 822 1144 interpretandi,
843 1065 1023 1142 explanandi.-

132 1158 205 1279 que,
226 1142 257 1200 &
270 1141 415 1202 differendi
427 1159 529 1230 genere
542 1143 687 1214 mirabilis,
707 1142 788 1202 ficut
803 1141 891 1201 simile
903 1143 1022 1201 nihilvi-

151 1219 235 1276 erim:
255 1219 284 1278 in
291 1219 419 1296 augendo
427 1261 443 1289 ,.
455 1220 634 1290 mentando,
652 1222 682 1280 in
695 1218 847 1280 refellendo
860 1220 949 1296 magis
964 1221 1022 1278 exi·

131 1294 255 1354 stimator
261 1296 441 1365 metuendus,
460 1293 727 1374 quamadmirandus
741 1307 842 1355 orator.
861 1296 972 1355 Verum
985 1295 1020 1356 ad

133 1362 440 1434 Crallumrevertamur.

66 1457 118 1517 147
169 1450 232 1511 XL.
253 1451 341 1513 Tou
360 1450 437 1509 Bxu
449 1469 536 1519 xus,
555 1449 691 1519 Etsrsatis,
711 1450 816 1526 inquit,
832 1448 1020 1510 mihividebar

132 1526 232 1586 habere
250 1529 394 1604 cognitum
406 1525 562 1586 Scaevolam
577 1545 612 1585 ex
628 1528 660 1597 iis
674 1526 770 1596 rebus,
790 1543 856 1604 quas
869 1525 1019 1587 audiebam

131 1602 203 1680 saepe
218 1623 252 1663 ex
266 1604 299 1662 C.
312 1602 417 1664 Rutilio
430 1646 439 1674 ,
465 1620 523 1679 quo
536 1602 661 1663 utebatur
674 1615 786 1679 propter
805 1601 1019 1665 familiaritatem

133 1692 161 1731 ²³
172 1681 306 1740 Scaevolae
313 1679 411 1749 nostri,
431 1691 526 1738 tamen
532 1679 579 1738 ista
592 1680 662 1739 mihi
676 1680 733 1755 ejus
746 1678 857 1737 dicendi
869 1689 944 1737 tanta
958 1679 1020 1738 laus

130 1766 199 1815 nota
212 1775 271 1816 non
285 1767 350 1815 erat.
368 1757 408 1816 Ita
427 1774 464 1815 ue
478 1757 540 1833 cepi
551 1755 741 1833 voluptatem,
759 1766 818 1814 tam
831 1765 961 1814 ornatum
975 1757 1020 1815 vi-

131 1834 211 1909 rum,
230 1845 344 1911 tamque
351 1774 484 1892 medicos
491 1832 632 1911 ingenium
640 1828 717 1895 fuille
729 1832 758 1891 in
771 1830 861 1891 nostra
874 1830 1020 1908 republica,

69 1912 120 1986 148
137 1960 141 1984 s
169 1908 230 1976 Hic
244 1929 314 1986 ego,
335 1910 419 1978 Noli,
439 1910 571 1986 inquam,
590 1909 688 1979 Brute,
709 1907 876 1979 existimare,
893 1908 936 1967 his
948 1907 1020 1967 duo-

28 2004 120 2040 rmcum
131 1987 179 2045 bus
195 1987 346 2063 quidquam
359 1983 437 2043 fuiffe
449 1988 479 2044 in
492 1985 580 2045 nostra
595 1987 705 2047 civitate
718 1982 892 2062 praestantius.
912 2001 1020 2056 onam,

28 2053 79 2110 Μ’
93 2068 119 2103 ut
130 2074 161 2120 ut
167 2063 259 2137 paullo
265 2059 329 2138 antd
336 2060 408 2130 dixi,
428 2061 615 2121 consultorum
622 2062 738 2121 alterum
746 2061 962 2131 dilerfiffimnm,
977 2063 1020 2120 di-

28 2120 61 2184 ad,
130 2139 263 2198 sertorum
271 2138 386 2196 alterum
394 2137 619 2197 consultiffimum
626 2137 718 2206 fuiffe;
739 2137 926 2215 sicinreliquis
939 2139 1021 2198 rebus

131 2216 168 2289 ita
177 2213 311 2272 diffimiles
325 2225 401 2272 erant
407 2215 477 2273 inter
484 2212 552 2284 sese,
571 2213 685 2273 statuere
691 2226 723 2272 ut
728 2228 824 2274 tamen
837 2232 896 2273 non
904 2214 1017 2291 polleo,

131 2289 215 2349 utrius
226 2290 353 2364 remalles
367 2289 533 2349 fimiliorem.
553 2288 659 2350 Craffus
673 2294 730 2349 e'rat
744 2290 910 2366 elegantium
923 2293 1020 2367 parcis·

130 2366 228 2440 fimus,
244 2366 367 2425 Scaevola
374 2384 520 2442 parcorum
527 2367 743 2443 elegantiffimus.
763 2365 868 2425 Craffus
874 2369 903 2425 in
909 2367 1018 2428 summa

131 2445 264 2502 comitate
271 2444 386 2502 habebat
393 2443 477 2501 etiam
491 2444 636 2502 severitatis
651 2444 728 2515 satis,
748 2442 882 2519 Scaevolae
896 2444 983 2504 multa
991 2446 1020 2507 in

132 2521 274 2597 severitate
281 2538 340 2594 non
348 2519 440 2580 deerat
446 2531 541 2581 tamen
547 2522 671 2595 comitas.¹

937 2599 1020 2665 Licet

131 2717 211 2768 neque
222 2715 292 2751 natus
304 2717 383 2768 neque
395 2714 505 2752 mortuus
517 2717 583 2755 erat:
602 2704 689 2754 Curius
701 2720 759 2755 vero
772 2707 785 2756 ὲ
797 2708 918 2757 testatoris
929 2706 1019 2755 volun·

130 2778 196 2826 aare,
214 2783 266 2834 quae
277 2765 402 2815 videbatur
413 2763 496 2823 stille,
513 2780 539 2815 or
550 2765 600 2833 ipse
612 2767 727 2818 secundus
738 2769 812 2819 haereo
824 2770 895 2829 effer,
912 2769 1018 2835 petebat.

131 2835 218 2896 itaque
229 2836 262 2896 Q
274 2832 370 2878 Mucius
387 2831 493 2878 Scaevola
509 2832 622 2881 Pontifex
641 2837 710 2883 Max.
729 2836 767 2883 M.
780 2836 890 2898 Coponii
900 2847 1020 2898 patronus

131 2891 180 2942 hoc
192 2897 295 2959 probare
306 2893 424 2950 volebat,
442 2895 564 2952 Curium,
581 2910 658 2960 quum
668 2895 704 2951 ita
720 2895 794 2946 haeres
810 2897 931 2946 institutus
948 2894 1022 2954 esset,

132 2955 268 3022 fipupillus
280 2972 337 3006 ante
348 2969 457 3007 mortuus
475 2956 546 3014 esset,
562 2973 641 3024 quam
657 2959 683 3006 in
699 2958 765 3009 suam
783 2962 887 3016 tutelam
903 2960 1021 3017 venisset,

131 3023 228 3087 pupillo
240 3037 291 3070 non
304 3034 363 3070 nato
375 3020 494 3070 heredem
505 3020 552 3070 else
563 3038 614 3071 non
627 3022 700 3088 polle.
719 3024 816 3072 Crassus
828 3040 886 3073 vero
897 3023 1021 3088 probavit,

133 3086 251 3143 Curium,
267 3087 310 3150 qui
321 3087 355 3133 ita
367 3084 440 3134 hares
452 3085 573 3135 institutus
585 3085 641 3134 effer
654 3120 661 3142 ‚
683 3101 783 3135 mortuo
800 3088 932 3152 posthumo
950 3089 1021 3145 filio,

131 3161 207 3210 quum
218 3148 283 3197 filius
295 3165 346 3197 non
358 3142 436 3196 modo
448 3165 499 3198 non
511 3163 636 3206 mortuus,
652 3146 692 3199 sed
703 3157 735 3200 ne
745 3163 816 3200 natus
833 3150 934 3217 quidem
947 3149 1021 3207 oller,

130 3207 251 3276 heredem
260 3210 307 3260 elle
318 3223 437 3276 oportere.
456 3218 541 3267 corrad.
952 3225 954 3231 ’

164 3289 201 3327 23.
220 3281 315 3323 Scaevolae
325 3275 410 3336 nostru]
428 3276 506 3325 Aliter
518 3278 628 3333 Scaevola,
645 3277 734 3327 omiffo
745 3279 819 3332 nostri.
832 3284 887 3328 Hoc
899 3280 947 3326 ait:
960 3283 1021 3327 δεκ-

131 3336 190 3391 vola
208 3337 320 3388 Pontifex
336 3343 446 3386 utebatur
461 3341 578 3396 Rutilio,
595 3353 693 3406 propter
710 3341 926 3398 familiaritatem,
944 3356 1018 3406 quam

131 3398 235 3448 habebat
246 3416 301 3450 cum
311 3402 389 3450 altero
401 3404 519 3460 Scaevola,
536 3405 705 3470 quicunqueia
716 3405 804 3466 fuerit,
822 3419 965 3474 quanquam
976 3405 1017 3452 lo·

131 3478 173 3532 pua
185 3479 238 3533 non
248 3478 313 3532 earet
324 3464 408 3516 mendi
418 3463 559 3535 suspicione.⁴
576 3471 644 3535 Idem,
743 3467 768 3493 ‘'

143 3562 146 3568 .
457 3544 462 3549 ·
623 3536 626 3541 “
936 3548 978 3589 aq.
988 3539 1027 3575 ‘lle
