2280 3922
168 96 249 229 J&
485 123 757 197 .Bnurus

186 236 401 315 duntaxitquod
406 245 475 311 opus
482 233 565 306 esset,
584 235 644 295 satis
651 233 770 295 habuisse
784 236 952 315 eloquentiae
964 238 1077 302 dicitur}

88 339 93 355 ι
186 311 343 393 Iisdemque
355 311 523 397 temporibus
537 314 572 371 L.
586 313 680 372 Furius
695 321 722 360 ⁶⁹
731 313 820 372 Philus
833 316 954 390 perbene
969 316 1074 377 Latine

184 388 215 449 lo
235 392 263 450 ui
274 389 429 467 putabatur,
447 387 641 466 litteratiusque
659 387 744 466 quim
765 393 856 448 ceteri.
902 392 931 450 P.
945 393 1073 452 Scaevola

186 410 554 543 uddeprudentermcute,
574 465 909 541 paulloetiamcopiosrus.
928 470 992 527 Nec
1000 469 1072 527 mul*

184 553 218 601 to
233 543 320 601 minus
332 538 479 615 prudenter
491 541 534 598 M.
541 542 677 600 Manilius.
705 542 826 617 ⁷⁰Appii
840 543 948 602 Claudii
963 545 1071 604 volubi·

185 617 230 686 lis,
249 615 697 690 sedpnullofervrdioreratonno.
717 617 1076 694 Inaliquonumeroetiam.

187 705 214 743 ⁷¹
225 693 268 750 M.
274 691 382 751 Fulvius
389 692 593 764 incensus).
601 695 673 753 Cato
680 694 805 753 Africani
811 694 1070 769 sororisfilius‚me-

183 863 256 915 ficati
272 872 313 917 Illo
323 882 412 934 tempore
422 875 486 933 hujus
495 889 551 920 nvnc
569 873 658 921 Lentuli
671 869 797 932 clnriffimnr
808 873 862 929 uir,
878 883 979 932 armatus
998 877 1070 920 Grae»

182 933 245 979 chum
255 932 284 991 eft
290 936 414 995 persecurus.
447 939 487 983 Ille
496 953 565 999 grave
574 950 622 984 tum
633 938 713 993 uulnus
723 940 812 998 accepit,
830 953 855 981 ne
873 939 929 999 quid
944 939 971 983 de
982 938 1070 995 stimma

183 994 286 1054 annnam
297 1001 359 1065 Reip.
372 1001 542 1048 imminueretur.
575 1000 621 1047 Hie
633 1003 656 1048 Ρ.
664 998 780 1047 Lentulus
797 997 860 1046 olirn
878 995 962 1058 missus
974 997 1021 1053 est,
1039 1013 1066 1051 ut

182 1054 291 1118 privatos
303 1074 388 1124 agros,
399 1063 442 1128 qui
453 1062 480 1111 in
490 1062 614 1126 publicum
625 1067 689 1112 carn
706 1075 780 1109 anum
790 1059 1067 1119 incurrebant,co'e‘mc·

181 1130 232 1174 ret,
249 1133 274 1169 ut
287 1123 312 1173 in
324 1125 435 1188 oratione
445 1122 547 1179 secunda
557 1139 643 1174 contra
654 1077 757 1174 Rullum
775 1121 897 1181 scribitur,
914 1125 928 1174 ὲ
946 1139 1010 1192 qua,
1027 1140 1065 1177 at·

182 1195 231 1244 que
243 1182 256 1233 ὲ
269 1188 368 1237 Vestina
378 1194 396 1237 1.
409 1201 476 1254 patet
492 1196 549 1239 euin
565 1189 700 1254 principem
718 1192 816 1236 Senatus
832 1185 922 1236 fuisse:
940 1202 966 1237 at
986 1205 1015 1238 ue
1028 1191 1064 1240 ita

180 1258 268 1320 putant
279 1249 366 1317 eruditi
378 1252 512 1317 Philippica
523 1257 587 1301 Vlu.
606 1253 630 1300 le
647 1251 738 1300 endum
753 1248 820 1308 esse,
841 1252 954 1316 quamvis
967 1204 984 1301 (h

180 1309 255 1358 multr
266 1318 383 1377 principem
394 1319 511 1378 senatorem
528 1268 654 1380 descripshr
680 1328 698 1365 t.
731 1315 805 1380 Qrod
821 1327 906 1363 tamen
924 1315 973 1364 dici
997 1314 1064 1381 polle

178 1370 312 1427 ostendunt
321 1376 459 1454 frequentes
469 1380 518 1429 illae
527 1379 679 1436 locutiones,
692 1382 786 1442 princeps
803 1381 874 1435 locus,
886 1383 985 1443 princeps
995 1385 1062 1432 civis.

179 1435 246 1487 Illud
256 1453 297 1489 mc
305 1455 384 1506 magis
395 1455 493 1502 movet,
509 1442 577 1508 quod
587 1441 627 1491 hic
638 1443 754 1490 Lentulus
766 1453 818 1489 tam
830 1438 889 1506 saepe
896 1447 993 1506 princeps
999 1447 1062 1508 sena·

178 1511 214 1547 tus
226 1499 370 1554 {Cicerone
383 1507 483 1564 dicmur,
500 1509 526 1557 δι
538 1508 564 1559 in
575 1504 710 1555 consulibus
722 1505 788 1553 illius
799 1507 1061 1570 temporis‚quantum

178 1577 228 1636 ego
239 1565 319 1632 legere
329 1571 399 1634 potui
411 1604 418 1628 ,
435 1587 487 1620 non
496 1570 619 1620 invenitur
630 1604 638 1626 ,
654 1583 730 1635 quum
741 1581 825 1616 tamen
835 1569 857 1627 is
868 1565 926 1617 esset
943 1585 999 1619 mos
1010 1604 1017 1626 ‚
1034 1583 1061 1620 ut

984 1251 1063 1303 ibrarii

127 1692 131 1697 Ι
177 1639 222 1691 qus
233 1633 324 1692 primus
335 1631 418 1683 censor
428 1650 458 1684 ex
468 1633 513 1690 iis,
529 1635 572 1700 qui
582 1635 705 1690 virerent,
725 1629 818 1687 fuisset,
835 1631 856 1680 is
897 1634 980 1698 inceps
994 1635 1016 1682 le
1033 1650 1058 1682 e·

162 1696 256 1765 ’ῐθτᾳῐῑ
274 1699 300 1745 &
311 1697 366 1746 rarb
376 1696 449 1747 fiebat
461 1695 559 1754 censor,
594 1699 617 1745 ui
629 1694 711 1746 consul
724 1693 781 1743 ante
794 1709 846 1742 non
858 1647 947 1768 shiffet.
982 1649 1057 1746 supi-

176 1766 225 1811 2211.
234 1756 355 1820 possennus
366 1761 439 1826 igitur
450 1761 514 1811 hunc
525 1776 555 1810 co
583 1762 649 1809 ulem
660 1756 787 1814 misitsed
800 1757 837 1806 vel
850 1773 900 1819 epus
912 1775 1005 1810 annum
1015 1713 1035 1808 rh

174 1815 284 1880 fiderari,
306 1824 344 1872 vel
355 1839 410 1873 eum
422 1830 451 1875 c.
460 1824 578 1880 claudio,
596 1826 704 1889 quicum
715 1826 752 1871 M.
761 1826 885 1885 Perpenna
898 1822 981 1872 consul
994 1824 1054 1883 fuit,

176 1878 302 1934 srrffeeum
312 1884 395 1943 fuisse,
411 1890 436 1945 ὃς
449 1888 481 1939 ob
492 1889 519 1936 id
530 1903 560 1936 co
596 1903 670 1936 omen
682 1888 733 1946 ejus
745 1887 771 1933 in
787 1883 924 1934 consulibus
938 1887 968 1935 ad
982 1889 1055 1936 clau-

175 1942 245 1994 dium
254 1946 322 1996 sitisse
333 1952 492 2006 translatum,
509 1966 559 2015 quo
587 1952 613 1999 in
630 1951 683 2001 aliis
696 1949 770 1997 etiam
781 1946 872 1997 fastum
885 1950 1057 2012 animadverti-

176 2021 245 2064 mus,
262 2023 287 2059 ut
299 2012 325 2059 in
341 2011 476 2063 consulibus
488 2015 546 2062 anni
559 2014 588 2063 ab
602 2020 629 2064 V.
638 2020 667 2064 c.
681 2016 825 2061 DLxxux.
843 2013 922 2077 quivis
933 2013 1009 2062 facile
1020 2017 1056 2064 vi·

175 2069 232 2119 dere
243 2075 339 2136 poterit.
360 2081 444 2126 corrnd.

188 2197 193 2206 ι
205 2143 242 2189 ⁶9·
260 2141 357 2196 Philan]
373 2138 455 2189 Philus
466 2139 499 2190 est
510 2141 589 2208 gentis
600 2141 674 2189 Furia:
688 2153 842 2204 cognomen,
859 2151 885 2188 ut
897 2138 969 2188 Philo
981 2147 1055 2191 Vetu-

115 2200 119 2210 ’
173 2211 220 2246 rrae.
254 2205 334 2263 Quare
346 2204 388 2267 qui
400 2205 498 2253 Furium
510 2204 639 2253 Philonem
651 2202 753 2252 scribunt
766 2203 792 2251 in
805 2202 941 2252 consulibus
958 2219 1052 2262 errant,

173 2274 250 2324 quum
261 2266 325 2313 Furii
337 2265 429 2330 semper
440 2266 454 2315 i
465 2269 537 2317 Livio
548 2267 611 2316 Phili
622 2280 752 2323 nocentum
770 2265 809 2314 hic
820 2278 904 2315 tamen
921 2268 998 2316 etiam
1016 2271 1054 2316 l’i-

173 2325 212 2372 lus
227 2327 329 2391 legitur,
346 2343 371 2377 ut
389 2331 415 2378 in
432 2329 529 2379 scholiis
547 2330 614 2379 Libri
624 2336 664 2379 lv.
683 2329 713 2377 ad
731 2330 840 2377 Atticum
857 2331 1011 2388 monuimus,
1028 2335 1053 2382 &

174 2402 239 2437 nunc
251 2405 281 2438 eo
292 2394 370 2457 magis
382 2409 511 2443 monemus
524 2429 532 2451 ,
554 2393 621 2460 quod
632 2395 658 2441 in
675 2392 794 2441 veteribus
809 2390 944 2442 consulibus
957 2427 965 2450 ,
987 2409 1053 2444 anno

174 2453 204 2500 ab
216 2459 243 2502 V.
252 2461 281 2504 C.
295 2462 403 2505 DXXXI.
421 2457 453 2505 fic
463 2458 486 2505 le
504 2461 570 2506 rtur:
587 2464 613 2506 P.
622 2461 702 2505 furius
714 2460 750 2519 Sp.
764 2461 789 2503 F.
803 2459 838 2504 M.
851 2464 879 2505 N.
894 2460 979 2507 Philus.
1003 2461 1049 2506 Hic

172 2530 231 2565 vero
243 2518 324 2568 consul
336 2520 395 2575 fuit,
412 2519 467 2568 sim
502 2537 518 2569 o
530 2519 612 2569 consul
625 2520 684 2576 suit,
701 2533 767 2567 anno
785 2524 815 2566 ab
833 2524 860 2568 V.
869 2525 899 2568 C.
913 2525 1049 2571 Dcxvrrr.

170 2594 228 2628 curn
239 2587 290 2631 Sex.
306 2584 383 2632 Atilio
394 2588 501 2633 Serrano.
535 2585 581 2632 Hic
592 2583 624 2632 est
638 2582 746 2643 certeis,
763 2582 805 2647 qui
817 2582 843 2628 in
860 2581 927 2630 libris
945 2582 976 2631 de
987 2588 1051 2648 Repi

171 2658 257 2692 contra
269 2646 382 2703 justitiam
394 2645 540 2712 disputavit,
562 2659 588 2696 ut
600 2648 626 2696 in
642 2645 738 2695 scholiis
756 2644 823 2693 Libri
836 2651 876 2694 1v.
895 2645 927 2694 ad
939 2648 1051 2697 Atticum

168 2709 302 2759 retulimus.
320 2714 384 2760 Idam.
1095 2720 1097 2725 '

202 2789 240 2829 70·
259 2780 333 2837 ,Appii
344 2777 449 2833 clandii]
466 2775 512 2823 Hic
524 2775 615 2839 Appius
627 2771 742 2823 claudius
754 2770 854 2820 Pulcher
865 2786 921 2819 eum
957 2773 1050 2822 ,(3πεί-

167 2836 204 2883 lio
220 2839 325 2886 Metello
338 2839 514 2894 Macedonico,
531 2852 597 2886 anno
615 2836 644 2884 ab
655 2842 684 2885 V.
693 2841 722 2885 C.
736 2840 824 2883 DCXL
844 2831 927 2883 consul
974 2837 1006 2892 't‚
1025 2839 1050 2887 &

168 2899 283 2957 Salassos,
300 2908 400 2966 gentem
413 2902 541 2966 Alpinam,
557 2913 583 2948 ut
595 2898 861 2954 Lib.Llll.Liviusait,
879 2897 991 2955 domuitt
1018 2915 1048 2948 ua

168 2963 198 3010 de
211 2980 234 3011 re
246 2966 320 3013 etiarn
333 2966 417 3013 Paulus
431 2963 528 3013 Orosius
540 2960 627 3012 scribit.
661 2969 730 3012 Hunc
741 2959 880 3021 Plutarchus
891 2963 917 3009 in
930 2966 1008 3011 Gracc
1029 2965 1048 3011 's

168 3023 246 3074 scribit
258 3027 326 3077 fuisse
344 3043 395 3076 non
412 3028 488 3077 modo
504 3027 630 3108 inseruit,
645 3025 686 3103 sed
701 3027 821 3098 eiuncescit
833 3025 928 3097 etiam,
952 3029 978 3074 δι
991 3045 1051 3072 mon·

168 3089 789 3264 {triphilus:sllselhl’ttlllsslls
800 3087 1050 3215 llllrfflssll

168 3227 231 3262 tuse
252 3253 258 3264 .
275 3222 341 3268 Idem.

201 3295 238 3335 71.
256 3285 290 3329 M.
299 3285 392 3327 Fulvius
402 3284 508 3343 flatenen]
528 3280 643 3345 Quicum
653 3276 690 3327 M.
704 3277 799 3325 Plautio
805 3274 921 3342 Hypsaeo,
939 3291 1007 3327 anno
1019 3279 1049 3328 ab

167 3347 196 3390 V.
206 3349 235 3390 C.
250 3348 380 3392 DCXXIX.
394 3340 476 3391 consul
488 3343 590 3399 suits&
601 3340 668 3409 quod
680 3342 732 3390 Liv.
746 3340 800 3389 Libe
812 3345 862 3389 Lx.
877 3338 965 3404 scripsit
972 3375 983 3407 ,r
997 3343 1046 3406 pri-

165 3421 219 3455 mus
231 3407 342 3453 omniurn
352 3404 513 3477 transalpinos
524 3408 624 3472 Ligures
641 3405 709 3454 bello
725 3403 834 3459 domuit,
851 3401 933 3451 missus
951 3405 1044 3453 auxilio

165 3467 350 3520 blasiilienlibus
361 3470 470 3522 adversus
480 3460 596 3525 Fulcinius
612 3469 716 3529 Gallos,
731 3468 776 3534 qui
792 3465 969 3533 populabuntur
979 3465 1068 3574 {pke
