2280 3922
390 182 662 249 Ouarom'
909 200 966 268 7η

71 292 317 425 praetermitteret,
337 306 477 347 annorum
483 288 717 365 septingentorum
725 290 894 352 memoriam
907 298 967 351 uno

85 368 146 425 ibro
162 368 312 443 colligavit.
331 364 445 425 Nescire
460 376 570 437 autem„
590 365 658 444 quiel
671 378 768 438 antea,
789 366 874 445 quiam
887 378 968 426 natur

72 443 126 512 lis,
146 444 292 514 acciderit,
310 441 340 501 id
352 442 392 501 est
404 442 510 519 semper
521 439 577 503 elle
589 460 716 519 puerum.
743 444 822 520 Quid
835 444 913 503 enim
928 443 966 502 est
977 434 1003 488 P⁴
1012 438 1062 491 CC*

73 521 188 579 aetasho
222 521 227 531 '
251 522 257 531 '
278 564 287 592 ,
309 531 336 571 ³¹
346 518 398 579 nili
412 520 548 580 memoria
559 531 653 581 rerum
665 532 793 581 veterum
808 539 874 581 cum
888 521 968 599 supe-

73 596 181 655 riorum
215 608 271 657 tate
281 595 457 657 contexitur?
477 596 723 657 Commemoratio
736 611 831 658 autem
846 598 967 675 antiqui-

73 673 153 742 tatis,
173 674 422 751 exemplorumque
447 672 660 733 rolauosumma
667 691 734 733 cum
741 674 964 736 delectatione&

76 747 417 811 arretoritaremomtinnia
440 750 622 809 ert&fidem.

118 826 649 903 stergmuinstruetusvenieradcausas:
668 826 905 904 quammhabebit
916 844 965 905 ge-
979 840 1031 887 121

77 919 143 959 nera
158 904 277 977 primum
290 904 345 982 ipsa
360 906 480 981 cognita.
499 904 551 963 erit
564 906 674 963 enimei
689 904 878 980 perspectum,
897 906 968 964 nibil

77 979 179 1054 ambigi
186 979 278 1057 poffe,
296 983 391 1059 inquo
398 998 458 1040 nun
471 992 519 1039 aut
527 982 795 1039 rescontroverliam
803 982 904 1049 faciat,
917 992 966 1041 aut

77 1054 168 1114 verba.
200 1060 270 1129 Res,
288 1058 385 1118 nutde
398 1076 485 1127 reru,
506 1067 553 1116 aut
566 1056 602 1117 de
615 1056 710 1126 reue,
730 1068 778 1116 aut
790 1056 826 1115 de
839 1058 966 1117 nomino.

36 1143 41 1151 ’
78 1131 187 1202 Verba,
206 1147 252 1193 aut
259 1135 294 1194 de
301 1134 452 1209 ambiguo,
472 1131 560 1191 autde
573 1134 720 1193 contuitio.
742 1134 819 1191 Num
832 1131 967 1209 liquando

30 1228 35 1264 :
78 1208 150 1266 aliud
164 1212 192 1269 in
202 1209 460 1271 sententia-videtur
473 1205 528 1267 effe
541 1250 551 1276 ‚
571 1208 646 1268 aliud
658 1211 689 1268 in
702 1210 807 1279 verbis,
825 1226 913 1284 genus
926 1209 965 1268 est

30 1304 36 1311 ·
78 1285 366 1362 quoddamambigui,
387 1284 747 1361 quodexpraeteritoverbo
760 1285 818 1345 lieri
831 1284 915 1343 solet:
935 1285 967 1344 in

30 1382 35 1389 ·
77 1379 151 1495 qup,
172 1363 495 1442 quodestambiguorpm
507 1363 669 1439 proprium,
687 1380 729 1422 res
743 1361 809 1421 duas
822 1360 966 1437 significari

77 1454 213 1497 vitemus,
451 1444 454 1457 '

32 1534 37 1567 :
115 1514 233 1574 XXXV.
261 1513 341 1573 cun
362 1527 437 1575 rent
457 1526 582 1573 nanee
602 1513 654 1573 sint
678 1532 779 1590 genera
804 1515 1019 1590 caularum,122‘

30 1592 32 1597 '
77 1590 161 1647 etiam
176 1602 403 1666 argumentorum
415 1604 552 1667 praecepta
566 1594 675 1665 hpauca
689 1592 757 1651 sunt„
776 1590 871 1663 ¹traditi
883 1591 959 1661 sunt,
973 1607 990 1655 h
1007 1607 1062 1656 trad

30 1684 33 1691 ⁴
78 1664 246 1741 equibusea
255 1667 406 1738 ducantur,
425 1666 624 1743 duplicesloci:
644 1669 692 1725 uni
707 1665 814 1725 erebus
826 1665 905 1800 ipfis,
924 1667 963 1725 al·
976 1670 1062 1747 suntje¹

77 1745 129 1800 teri
144 1741 258 1802 allumti.
279 1743 424 1804 Traebatio
438 1745 520 1820 igitur
532 1761 624 1803 rerum
639 1743 722 1801 efficit
735 1744 840 1803 admira
858 1742 967 1803 iliorem
977 1749 1062 1782 ‘mm‘

77 1821 246 1879 orationem.
279 1839 346 1879 nam
360 1820 424 1896 ipsae
438 1820 551 1898 quidem
565 1837 606 1877 res
627 1818 657 1879 in
669 1820 792 1895 perfacili
808 1819 969 1895 cognitione
981 1801 1049 1849 Μεθ’

78 1897 226 1955 versantur.
247 1897 314 1974 quid
322 1898 398 1955 enim
401 1898 462 1985 jana
468 1897 605 1974 sequimi,
621 1894 706 1984 quoi
715 1895 831 1973 quidem
843 1896 907 1955 artis
919 1895 969 1966 fit,

79 1972 130 2029 nisi
138 1974 221 2031 ordiri
235 1975 411 2044 orationem,
429 1992 460 2033 rn
466 1992 532 2111 ipcipi>
546 1982 593 2033 aut
600 1971 768 2035 -coucrueun
780 1971 904 2043 auditor,
925 1984 973 2034 aut

80 2051 214 2125 erigatur,
235 2062 282 2109 aut
289 2050 398 2127 paretse
405 2050 465 2110 add
518 2047 627 2113 ndum?
646 2050 833 2109 tembteviter
845 2054 971 2126 expone-

79 2145 127 2196 re,
147 2128 177 2183 ὅ(
190 2126 378 2202 probabiliter,
398 2128 428 2187 δι
441 2124 551 2204 aperti,
569 2138 602 2187 ut
615 2123 712 2203 ‚nuta
726 2138 836 2202 agatur,
856 2126 970 2203 intelligi

77 2203 180 2278 possit?
200 2204 245 2262 sua
253 2202 438 2265 confirmare?
457 2203 606 2264 aduerunt
615 2203 761 2263 euertere?
782 2200 970 2279 eaqueeffice

80 2296 110 2337 re
119 2277 354 2356 nonperturbate,
371 2280 422 2341 led·
431 2279 539 2357 fingulis
551 2280 833 2356 argumentationibus
847 2281 885 2339 ita
898 2298 969 2339 con-

78 2356 236 2425 cludendo,
251 2371 282 2416 ut
287 2356 419 2417 efficiamur
424 2357 502 2435 quod
509 2356 540 2417 lit
548 2354 629 2417 conse
649 2356 755 2415 uenalis
768 2398 777 2426 ,
789 2356 971 2432 quaestuncu-

79 2433 168 2491 turad
180 2448 322 2512 quamque
334 2452 396 2495 tem
410 2374 654 2495 confirmanda&
673 2430 734 2509 post
748 2433 844 2492 omnia
858 2450 970 2507 perora-

79 2512 189 2569 tionem
196 2510 436 2581 inflammantem,¹
455 2509 534 2570 rellin
608 2522 703 2570 temve
712 2506 896 2569 concludere?
908 2510 969 2569 Has

80 2602 168 2719 partes
179 2587 421 2664 quemadmodum
428 2586 525 2647 trastet
541 2580 967 2662 iugulas,difflciledi6iuellhoc

93 2682 155 2724 oco.
180 2681 233 2722 nec
247 2664 324 2723 enirn
337 2665 394 2723 sem
431 2662 605 2721 rtraeiantur
618 2680 677 2723 uuo
691 2662 789 2723 modo.
822 2663 968 2737 Quoniam
980 2664 1034 2739 12'3'

82 2753 177 2799 autem
190 2758 266 2810 non,
285 2758 372 2817 quem
386 2680 522 2809 getam,
542 2756 656 2816 quaero,
676 2738 723 2798 sed
735 2751 820 2815 quem
835 2737 968 2813 probem:

84 2817 206 2891 probabo
214 2815 334 2892 primum
341 2834 424 2886 eum,
464 2817 510 2885 ui,
529 2816 597 2892 quid
611 2814 724 2885 deceat,
743 2814 855 2875 videbit.
894 2812 969 2875 Haec

83 2895 162 2953 enim
168 2892 294 2966 sapientia
301 2891 447 2955 maximia
487 2891 585 2953 ‘benda
590 2890 732 2967 eloquenti
745 2890 837 2960 est,ut
851 2888 884 2947 sit
897 2900 970 2949 tem-

83 2986 204 3049 porum,
218 2968 448 3047 personarumque
455 2967 624 3029 moderator.
643 2967 971 3041 Namnecsemper,nec

83 3047 158 3124 apud
173 3062 287 3113 omnes,
307 3063 360 3105 nec
374 3056 471 3107 contra
484 3062 599 3114 omum,
618 3062 672 3105 uec
685 3063 737 3123 pro
749 3041 896 3113 omnibus,
915 3062 971 3103 nec

83 3120 709 3183 omnibuseodemmouodteendumerbmon·
835 3154 839 3161 ·

648 3250 665 3263 .,
704 3256 708 3261 ,
768 3194 917 3287 XXXVI.
935 3196 973 3259 Is

117 3358 154 3397 31·
171 3340 222 3401 ΝΜ
235 3343 340 3389 memorii
353 3358 426 3391 rerum
442 3340 540 3391 netemm'
555 3357 604 3391 eum
616 3340 752 3403 [repertorem
769 3334 827 3397 lun]
858 3336 897 3387 Ita¹
909 3334 970 3387 Pall.

85 3411 188 3461 omnes,
204 3402 248 3453 nisr
256 3404 324 3471 quod
335 3404 386 3455 ral.
399 3420 434 3469 pr.
449 3406 475 3455 δι
487 3402 532 3454 sec.
539 3405 694 3471 superiiribus.
706 3402 807 3469 vulgata
815 3402 859 3463 nist
867 3420 916 3450 mm
925 3418 972 3447 me-

83 3473 165 3518 moria.
199 3469 334 3519 Memmius
344 3465 425 3517 solum
434 3468 508 3518 habet
519 3486 528 3525 ;
549 3469 592 3528 m'fi
601 3484 649 3517 cnm
659 3471 764 3517 memoria
778 3478 876 3513 vacrum
891 3468 972 3513 iterem

83 3534 224 3593 rometam
240 3528 334 3586 omiffia
343 3532 439 3586 metir.
456 3536 523 3583 ΘΜ.
541 3540 644 3593 cuneo,
660 3535 773 3586 memoria.
790 3528 893 3603 bamb-x
921 3584 979 3644 M

506 3602 549 3652 za
564 3609 580 3651 a
866 3606 904 3652 ³²·
