2280 3922
138 147 225 219 660,
426 99 710 216 'Bu-urus.

139 234 467 340 situneqmemnte,
482 250 752 320 testatissima,
771 249 900 312 &mun
911 270 984 315 cum
997 251 1030 316 ts

68 405 131 465 268
140 324 384 488 berpappdrrcppprtea
391 374 677 489 Lenttrllconsulates,
695 420 816 481 quotum
829 404 859 489 ,⁸⁹
868 389 985 493 Publius
997 407 1027 465 il-

140 479 183 551 le,
201 499 241 541 no
263 496 352 538 tarum
366 495 524 554 injuriatum
538 479 627 564 ultor,
646 481 741 539 austor
761 478 866 548 saluus,
886 483 1027 560 quidqmd

138 556 250 624 habuit,
267 564 522 630 quantumcumque
528 555 597 623 fut,
615 555 680 614 illud
687 570 779 614 totum
786 555 883 614 habuit
896 576 933 616 ex
948 559 1026 618 disci·

16 659 66 696 erat
78 647 131 695 ani-
138 631 410 707 plinazinllrumenta
417 643 521 717 naturae
528 629 653 717 deerant:
663 632 708 689 sed
714 643 803 717 tantus
818 635 929 692 sanimi
937 635 1025 710 splen-

16 712 107 761 ....
139 705 1024 872 suattertransmitterlaquestsu

140 867 196 916 tate
207 859 350 920 obtineret.
368 860 440 919 ⁹⁰L.
453 870 547 918 autem
567 857 699 918 Lentulus
717 859 775 917 sans
796 863 950 923 eratfortis
963 881 1024 924 ora·

964 952 1022 1012 tol,

105 1097 109 1103 ·
141 1074 217 1126 Dedit
227 1091 298 1136 vero,
315 1091 391 1146 quum
401 1087 567 1131 contemneret
578 1078 706 1144 populares
717 1074 835 1134 insanias,
852 1078 905 1140 iarn
917 1072 949 1130 al>
963 1080 1020 1130 ado·

141 1136 255 1191 lescentia
265 1143 411 1194 documenta
421 1144 543 1199 maxima,
559 1155 585 1191 ut
597 1145 630 1190 ait
643 1144 729 1194 Cicero
744 1142 772 1189 in
789 1144 858 1190 Orat.
875 1158 924 1208 pro
942 1145 1021 1194 Milo·

141 1217 181 1252 ne.
194 1206 262 1254 Dion
271 1205 324 1256 Lib.
338 1212 399 1266 XLI.
413 1203 491 1255 scribit
507 1213 563 1254 eum
579 1199 714 1255 admodum
731 1203 833 1252 divitem
848 1201 937 1263 fuisse,
972 1207 1020 1258 uod

50 1273 53 1284 ¹
141 1268 245 1316 Sullanis
255 1269 404 1335 temporibus
413 1267 458 1317 libi
468 1268 564 1318 divitias
575 1270 686 1334 ingentes
697 1263 874 1333 comparasset,
982 1284 1020 1320 vc*

135 1341 195 1378 *reor
205 1345 236 1378 ne
246 1329 276 1380 fit
290 1330 397 1391 lasum,
418 1344 493 1398 quum
508 1332 633 1382 Domitius
649 1334 699 1384 illis
716 1331 866 1396 temporibus
882 1346 898 1379 a
916 1334 1021 1384 modum
1058 1356 1059 1361 ¹

139 1390 291 1452 adolescens,
309 1396 335 1446 δι
345 1397 407 1461 pene
425 1409 482 1460 puer
493 1393 550 1443 effer
560 1395 608 1452 ita,
624 1409 650 1443 ut
662 1397 702 1446 uix
714 1410 766 1445 rem
776 1393 927 1445 familiarem
938 1413 1020 1450 curare

132 1453 231 1520 pollet,
246 1458 292 1507 nifi
303 1458 368 1509 sorte
384 1471 453 1525 pater
468 1472 499 1508 eo
511 1457 587 1506 modo
600 1457 696 1507 divitias
712 1458 766 1506 filio
783 1461 957 1522 comparavit.⁴
980 1467 1018 1511 De

85 1535 93 1541 ·
137 1533 218 1568 morte
229 1523 278 1582 ejus
290 1538 342 1572 non
352 1537 401 1571 una
411 1521 445 1571 est
461 1522 523 1587 apud
538 1533 630 1570 veteres
647 1519 771 1588 scriptores
790 1518 924 1579 sententia,
942 1538 1019 1590 quum

136 1585 262 1634 Suetonius
276 1588 301 1636 L:
313 1591 423 1636 Lucanus
434 1585 461 1633 in
478 1586 528 1633 acie
544 1583 678 1634 Pharsalica
694 1582 803 1634 cecidisse
814 1583 914 1645 dicant,
931 1602 1019 1654 quam-

136 1647 173 1695 tis
186 1649 255 1698 aliter
266 1652 333 1716 legas
345 1648 408 1716 apud
419 1650 564 1714 Appianum.
583 1653 668 1699 carrad.

168 1720 203 1766 89.
222 1715 334 1773 Pulliae]
347 1721 370 1775 ιζ.
378 1714 506 1767 camelius
517 1712 634 1760 Lentulus
640 1713 748 1777 spinter,
765 1711 850 1761 AEdilis
861 1713 1019 1771 eununci-

135 1788 224 1824 cerone
236 1769 346 1833 tonsile,
362 1777 473 1826 omnium
490 1775 561 1830 illius,
573 1773 729 1827 consiliorum
745 1776 878 1840 particeps,
913 1778 1019 1827 eticulo·

136 1853 238 1904 tumque
248 1837 324 1889 socius
335 1838 381 1889 suit
388 1852 427 1898 ,ut
439 1839 467 1888 in
478 1841 546 1889 Orat.
557 1837 610 1904 post
621 1839 703 1888 Redit.
711 1837 743 1887 ad
752 1839 885 1911 Quiritcest
892 1791 1016 1905 scriptum.

136 1900 230 1952 casare
241 1905 266 1952 δι
277 1904 363 1954 Bibulo
375 1900 510 1952 consulibus
520 1901 591 1968 ipsius
604 1901 702 1953 caesaris
711 1903 831 1950 benenero
842 1916 869 1949 ιιι
880 1903 1017 1969 collegium

136 1963 285 2014 Pontificum
295 1969 377 2023 venit,
392 1968 418 2015 &
429 1965 487 2014 hine
496 1967 621 2015 ciceroin
634 1970 702 2016 Orat.
716 1964 746 2013 de
757 1961 828 2028 Resp.
847 1965 920 2015 illum
933 1969 1018 2016 Ponti·

139 2026 211 2076 ficem
221 2041 307 2086 vocat,
322 2031 348 2078 δι
359 2031 385 2076 in
397 2031 465 2077 O'rat.
472 2044 517 2093 pto
528 2035 611 2090 Domo
623 2044 679 2078 cum
689 2029 876 2092 illo,tanquam
886 2030 1017 2087 Pontifice,

138 2091 254 2154 loquitur.
271 2096 301 2138 ln
312 2092 427 2141 ciliciam
438 2087 565 2155 proconsul
576 2089 696 2154 profectus
709 2106 761 2140 tem
771 2090 803 2139 fic
814 2093 925 2156 praeclare
937 2092 1016 2158 gestit,

139 2165 166 2200 ut
177 2155 307 2218 imperator
318 2147 347 2202 lit
359 2155 537 2219 appellatus,ut
545 2152 845 2218 ostenduntinscriptiones
858 2152 1015 2220 epistolarum

136 2214 191 2266 Lib.
199 2222 218 2265 1.
230 2217 317 2264 Famis.
330 2231 389 2282 quas
400 2229 430 2264 eo
441 2229 551 2281 tempore
562 2217 649 2276 (icero
660 2215 756 2281 scripsit.
783 2218 869 2279 Quin,
885 2230 911 2266 ut
924 2235 972 2285 ego
985 2234 1016 2269 eat

137 2278 259 2342 Epium.
273 2279 326 2330 Lib.
334 2280 364 2329 V.
381 2279 412 2328 ad
428 2280 537 2328 Atticum
553 2279 679 2340 conjicio,
695 2279 869 2345 triumphavita
884 2278 929 2331 sed'
941 2283 974 2332 ob
989 2284 1016 2335 id

94 2357 100 2367 ‘
142 2353 240 2391 tantum
252 2343 302 2391 atis
314 2343 387 2392 alieni
399 2338 492 2393 vitietur
502 2339 595 2399 feciffe,
612 2355 638 2391 ut
650 2344 735 2391 Cicero
747 2345 773 2390 in
785 2344 873 2392 Cilicia
884 2345 1014 2409 proconsul

145 2403 274 2463 audiverit,
292 2405 360 2472 quod
370 2404 444 2470 Epist.
453 2405 581 2456 1.1.ib.vr.
596 2405 625 2455 ad
638 2407 712 2468 Attic.
724 2401 889 2470 scripfit,eum
900 2409 1016 2474 praedium

143 2466 303 2518 Tusculanum
314 2466 476 2534 proscripsisse.
510 2475 538 2517 ln
550 2468 617 2518 bello
634 2469 700 2516 civili
718 2471 831 2533 Pompeio
849 2469 966 2530 adlraelit,
977 2472 1016 2522 sed

141 2531 201 2595 quid
213 2531 293 2596 postea
303 2533 342 2581 illi
352 2532 443 2582 sactum
453 2531 496 2588 lit,
513 2529 629 2580 nescimus
638 2547 643 2576 :
651 2530 675 2578 id
686 2529 771 2593 seimus
784 2533 944 2593 Ciceronem,
952 2540 1016 2585 mul-

142 2605 169 2642 to
185 2595 237 2666 posi
253 2593 367 2645 audiuisse
381 2596 453 2644 illum
468 2592 551 2643 nundi
567 2592 627 2649 effe',
645 2594 712 2658 quod
728 2591 800 2659 Episl'.
810 2612 845 2650 13·
863 2592 972 2649 ulixi.-
985 2599 1016 2651 ad

139 2657 214 2706 tlttrc.
226 2653 322 2723 lcri'pl'rt.
339 2662 405 2707 Idem.
538 2719 539 2722 Ἴ
652 2692 654 2697 .

171 2737 209 2774 90.
227 2727 332 2771 Lauren
342 2724 463 2780 Lentulus]
478 2723 517 2769 Ne
529 2720 631 2786 longum
643 2718 741 2777 faciam,
748 2721 846 2770 mittam
857 2726 1015 2785 conjecturas,

67 2784 74 2792 '
140 2797 194 2848 quar
205 2785 286 2832 multae
296 2784 363 2842 sunt,
381 2800 421 2833 cut
432 2792 478 2848 ego
490 2783 586 2832 credam
597 2783 660 2832 hunc
671 2783 717 2832 else
728 2789 756 2833 L.
771 2787 915 2836 Cornelium
924 2793 1018 2838 Lentu·

140 2847 194 2897 lum
204 2849 341 2897 flaminem
352 2848 492 2896 Martialem
499 2880 506 2902 ,
514 2862 587 2911 quem
592 2843 708 2895 Asconius
721 2850 826 2912 Nigrum
836 2864 924 2906 uocat,
948 2867 1015 2901 uem·

141 2923 194 2976 que
202 2912 290 2962 Cicero
298 2910 357 2959 dicit
368 2912 395 2958 in
406 2913 474 2959 Orat.
486 2911 512 2958 in
524 2911 604 2958 vatin.
618 2908 717 2959 Gabinii
728 2911 916 2974 competitorem
925 2867 1014 2978 saissep

175 2989 217 3023 um
227 2976 396 3039 multoplures
407 2971 467 3031 fint,
484 2988 524 3023 cur
534 2973 644 3028 arbitrer,
662 2987 735 3039 atque
745 2973 806 3022 adeo
823 2973 958 3035 affirmem,
970 2976 1015 3028 else

158 3073 170 3101 Ι.
178 3040 321 3087 Cornelium
332 3038 460 3087 Lentulum
471 3035 680 3102 cruscellum‚qui
693 3034 775 3085 Pisone
788 3040 813 3086 δι
827 3039 934 3089 Gabinio
946 3042 1016 3091 Con·

141 3099 229 3148 sulibus
240 3116 327 3167 prator
336 3099 396 3157 fuit,
413 3112 438 3147 ut
449 3100 522 3164 Epist.
530 3118 551 3149 2.
565 3096 617 3148 Lib.
626 3105 645 3149 1.
659 3098 694 3147 ad'
719 3101 730 3148 ’.
737 3104 859 3159 Fratrem,
876 3105 1012 3156 &moran

140 3163 168 3211 in
180 3163 291 3214 Pisonem
301 3166 374 3228 leges.
403 3165 459 3224 Ejus
471 3179 507 3212 res
519 3164 667 3228 reperiuntur
675 3177 706 3228 pa
725 3179 760 3212 rm
772 3164 834 3228 apud
846 3165 1016 3227 Plutarchum,

138 3227 292 3291 Appianum,
310 3229 431 3284 Dionem,
447 3229 501 3276 val.
514 3231 582 3276 Max.
595 3229 621 3275 &
633 3227 702 3275 alios.
721 3223 799 3277 Cesar
808 3227 911 3280 Lib.ll1.
923 3231 953 3280 de
959 3235 1015 3281 Bel-

141 3287 170 3336 Io
181 3289 255 3338 Civili
265 3287 357 3339 scribit:
374 3297 428 3336 Item
440 3295 466 3338 L.
479 3292 581 3338 Lentulus
591 3292 769 3352 comprehenditur
780 3291 795 3336 ai
806 3309 851 3354 rege
867 3291 1013 3357 (Ptolemae

141 3365 246 3414 nempe,
260 3354 301 3423 qui
312 3353 453 3416 Pompeium
464 3355 583 3419 Magnum
594 3351 763 3417 interceperat)
776 3355 802 3404 sa
814 3357 838 3401 in
848 3355 942 3414 custodia
952 3376 1016 3405 necu-

139 3427 184 3463 tur.
206 3419 237 3462 Et
250 3413 347 3464 Orosius
358 3413 410 3465 Lib.
420 3422 457 3465 Vl.
466 3432 486 3465 c.
497 3434 532 3473 15.
552 3419 668 3471 Lentulus,
685 3419 724 3463 vir
735 3418 864 3475 confessuris,
881 3422 938 3480 apud
951 3424 1015 3469 Pela.

134 3478 192 3540 sium
203 3477 369 3541 interfecturus.
401 3484 544 3555 ltannecatus
556 3477 604 3540 est,
620 3478 705 3545 quiin
721 3475 789 3554 bello
806 3479 873 3534 ciuili
890 3478 1023 3598 ΗοιτοιὲῗέΓ
