2280 3922
198 219 258 304 984
448 223 528 290 An
568 222 825 291 Tne-nar.
935 208 940 217 ’
1037 300 1044 309 .

325 318 1110 461 armaturam

198 407 1059 562 lsleactnjegtttmneamlegefiriniqusmcontrover'susqisceptandn‘en
1083 472 1110 529 dir

194 547 263 619 nihil
279 549 375 620 debet,
395 551 483 611 danda
498 552 535 610 est
547 570 653 628 opera,
666 552 801 686 utlaeFem
815 551 980 627 adjumcem
998 551 1060 636 &tn
1085 566 1110 639 qr

739 627 843 688 istatus
854 625 1060 694 exnttuntnon,
1089 641 1110 682 n

197 622 267 683 stem
274 626 456 686 adhibeamus.
475 628 603 705 lnquare
617 629 662 687 alii
675 647 713 705 qu

198 702 773 780 quiappeuanturleginmaedisceptationea

152 764 191 843 96
237 776 318 835 Turn
337 781 412 837 enim
426 779 578 839 defenditur
590 798 648 839 non
661 780 689 840 id
701 781 791 856 legem
806 778 920 850 dicere,
960 776 1059 839 uodad

200 851 328 912 versarius
341 855 422 925 uelit,
440 855 486 916 sed
499 856 579 915 aliud.
610 856 642 914 ld
656 870 749 915 autem
765 857 920 931 contingit,
938 797 1001 915 gum
1012 853 1060 913 scri

199 939 280 1003 ptum
293 930 454 1006 ambiguum
468 932 521 1001 est,
541 945 573 991 ut
586 932 647 992 duae
660 932 816 991 differentes
835 932 978 993 sententiae
990 930 1060 1004 accipi
1078 988 1084 1001 ,
1102 956 1109 989 t

200 1003 307 1079 poffint.
327 1006 1061 1091 Tumopponinusctiptovoluntasscriptoris,utquaej
1101 1007 1109 1081 ,ἐ

110 1130 114 1138 .
201 1091 275 1138 ratur
288 1083 405 1142 verbane
436 1085 491 1153 lus,
510 1101 546 1142 an
559 1084 688 1143 sententia
700 1084 791 1142 valere
804 1082 912 1142 debeat.
932 1083 1010 1141 Tum
1020 1083 1062 1156 legi
1085 1086 1109 1113 '³

201 1154 247 1212 lex
255 1160 387 1218 contraria
394 1101 510 1218 affertur.
529 1159 569 1219 Ita
581 1160 695 1219 suntmia
708 1177 824 1235 genera,-
842 1171 1062 1244 quaecontrouet·
1098 1147 1108 1240 J

203 1229 270 1289 fiam
284 1233 313 1290 in
327 1237 405 1293 omni
419 1236 466 1295 scri
485 1248 516 1309 to
530 1238 619 1295 facere
633 1234 762 1310 poffunt,
782 1236 963 1310 ambiguum,
982 1234 1062 1294 disue-

203 1254 591 1386 pantiascripti&voi>untatis,
612 1312 893 1386 &icriptaconnnria

242 1383 346 1444 XXVI.
363 1388 435 1459 JAM
457 1404 527 1445 noc
542 1387 712 1462 perspicuum
726 1388 777 1456 est,
797 1404 855 1445 non
869 1389 958 1464 magis
969 1387 994 1445 in
1005 1382 1062 1470 legi*

204 1456 268 1527 bus,
287 1459 373 1537 quam
391 1465 420 1521 in
432 1463 614 1534 testamentiS,
632 1464 661 1521 in
673 1462 909 1538 stipulationibus,
929 1461 1061 1538 tnreliqun

203 1533 282 1594 rebus
295 1579 304 1605 ,
351 1555 395 1597 uae
407 1556 441 1599 ex
453 1540 550 1614 scripto
564 1550 680 1615 agimtur
693 1581 702 1607 ,
723 1536 798 1614 posse
807 1537 1005 1604 ,controverfias
1016 1535 1062 1594 eas·

88 1610 147 1661 RB·
204 1607 298 1671 deme
358 1632 411 1673 ere.
436 1616 548 1674 Horum
561 1615 734 1674 tractationes
746 1617 775 1673 in
789 1616 844 1674 aliis
856 1614 931 1674 libris
944 1613 1063 1691 explican-

158 1687 193 1749 97
206 1696 257 1744 tur.
276 1689 338 1748 Nec
350 1689 437 1750 soum
451 1704 589 1768 perpetuae
602 1691 739 1761 afflones,
757 1690 900 1751 sedetiam
916 1704 1001 1768 partes
1013 1707 1063 1748 ora·

205 1762 288 1821 tionis
301 1765 394 1825 iisdem
407 1767 476 1825 locis
488 1767 649 1842 adjuvantur
663 1810 671 1837 ,
698 1767 794 1842 partim
816 1768 954 1842 propriis,
977 1767 1064 1842 partin

204 1842 411 1902 communibus:
432 1856 462 1901 ut
475 1843 661 1919 inprincipiis,
680 1844 776 1920 quibus
788 1855 819 1901 ut
825 1843 964 1913 benivoli,
981 1855 1010 1901 ut
1022 1841 1066 1901 do

204 1914 290 1985 ciles,
308 1930 339 1976 ut
350 1920 446 1978 attenti
459 1919 531 1987 snit,
551 1921 598 1995 qui
609 1918 719 1978 audiant
733 1960 742 1989 ‚
768 1919 945 1979 efficiendum
959 1918 995 1978 dd
1013 1935 1069 1995 pro·

205 1993 267 2066 priis
280 1993 354 2053 locis.
372 1996 499 2072 Itemque
512 1995 693 2064 narrationes,
712 2009 742 2054 ut
749 1995 783 2055 ad
788 1996 848 2054 suos
861 1995 928 2055 fines
941 1995 1069 2071 speum,

205 2068 233 2125 id
248 2068 301 2139 est,
319 2083 351 2129 ut
362 2071 451 2146 planae
465 2071 529 2140 fint,
549 2083 578 2129 ut
590 2071 708 2141 breves,
726 2084 758 2130 ut
771 2072 930 2143 evidentes,
949 2083 980 2130 ut
993 2070 1070 2131 credi·
1102 2114 1106 2141 ,

49 2157 66 2190 ο
87 2153 193 2193 morare.
205 2143 286 2213 biles,
305 2158 337 2205 ut
349 2147 536 2214 omoderatae,
555 2159 585 2205 ut
598 2165 663 2207 cum
677 2148 815 2224 dignitate
834 2165 1071 2225 quaequamquam
1100 2154 1106 2205 .'

49 2209 125 2259 Lm·
205 2219 234 2276 in
246 2223 443 2358 totadqratione
456 2220 507 2281 effe
521 2223 645 2294 debent,
673 2225 758 2300 magis
776 2237 872 2283 tamen
890 2224 953 2284 sunt
971 2223 1072 2300 propria

205 2313 301 2355 narran
331 2334 338 2358 a
834 2359 838 2369 ,
1101 2352 1106 2359 .

159 2363 196 2440 98
245 2375 319 2447 Quae
332 2387 424 2435 autem
439 2363 610 2454 consequitur
629 2377 811 2436 narrationem
825 2375 909 2447 fidet,
928 2395 962 2436 ea
975 2377 1075 2453 persua*

207 2445 299 2508 dendo
332 2455 445 2512 uoniam
459 2453 588 2522 efficitur,
607 2454 655 2528 qui
668 2453 703 2512 ad
715 2452 933 2529 persuadendum
953 2453 1011 2513 loci
1022 2470 1076 2512 ma·

204 2521 280 2583 xime
292 2469 414 2597 vffleant,
435 2528 538 2587 didium
551 2528 629 2587 estin
642 2529 689 2598 iis,
708 2529 840 2605 inquibus
854 2529 889 2588 de
903 2532 987 2588 omni
999 2530 1078 2590 ratio-

205 2618 242 2658 ne
254 2601 371 2661 dicendi.
391 2606 528 2675 Peroratio
535 2616 626 2662 autem
636 2605 723 2664 &alia
748 2605 858 2662 uaedam
865 2604 965 2674 habet,
985 2607 1078 2665 &ma-

206 2675 281 2734 xime
294 2679 534 2754 amplificationem
550 2701 557 2739 :
584 2681 660 2756 cujus
674 2623 786 2739 effegus
808 2683 830 2738 is
850 2680 934 2739 debet
947 2679 1025 2751 effe,
1048 2693 1080 2740 ut

207 2765 253 2811 aut
272 2756 458 2830 perturbentur
477 2757 585 2826 animi,
610 2768 657 2814 aut
676 2755 903 2832 tranquillentur
930 2758 987 2827 δι,
1011 2757 1082 2816 iiita

202 2829 365 2917 jamaffedti
379 2830 442 2891 ante
453 2832 528 2902 sunt,
547 2845 578 2891 ut
590 2845 688 2908 augeat
702 2850 801 2891 eorum
816 2843 926 2902 motus,
946 2846 996 2893 aut
1008 2833 1081 2892 sedet

204 2920 302 2965 oratio.

21 2989 25 2999 “
81 3040 86 3045 ,
135 2994 197 3060 Ι99
245 2983 320 3041 Huic
333 2985 443 3059 generi,
461 2985 554 3061 inquo
568 2985 598 3042 δι
612 2982 810 3053 misericordia,
831 2983 860 3041 ὃ(
874 2983 1034 3055 iracundia,
1054 2984 1083 3042 ut

48 3056 197 3113 P⁶⁰¹¹⁶¹t³1¹·
207 3057 321 3129 odium,
342 3063 372 3116 ὅ(
384 3061 501 3130 invidia,
521 3061 551 3117 δε
565 3073 663 3117 ceterae
683 3061 768 3118 animi
783 3058 942 3117 affectiones
957 3072 1084 3137 opertur-

48 3124 94 3162 ’ω’
104 3118 180 3166 Lam·
206 3134 317 3204 bantur,
338 3148 473 3211 praecepta
486 3135 684 3211 suppeditantur
697 3135 755 3194 aliis
773 3137 802 3193 in
814 3134 901 3204 libris,
920 3154 994 3212 quos
1006 3150 1084 3215 pote·

205 3211 239 3266 ris
254 3228 366 3269 mecum
379 3211 469 3287 legere
484 3255 493 3280 ,
518 3211 582 3270 cum
594 3212 680 3270 voles.
717 3209 765 3270 Ad
778 3212 806 3271 id
819 3223 912 3270 autem
928 3253 937 3280 ,
966 3214 1045 3291 quod
1058 3225 1083 3271 te

206 3285 443 3418 tvetl'lerusensemm’
470 3286 608 3348 cumulate
621 3287 784 3347 satisfactum
807 3284 861 3345 effe
881 3284 965 3348 debet
985 3290 1083 3350 volun·

219 3377 254 3418 ai
298 3379 331 3420 ae.

160 3455 198 3499 oo
245 3437 338 3505 Nam,
357 3456 392 3496 ne
405 3442 572 3516 praeterirem
586 3430 705 3519 aliquid,
724 3441 801 3517 quod
807 3440 1046 3516 adargu'mentutn
1059 3442 1084 3500 in

44 3410 285 3669 mquid
299 3514 406 3583 ratione
425 3518 617 3596 reperiendum
639 3519 809 3605 pertineret,
834 3517 909 3596 plue
926 3516 1085 3652 quamdaeqq
