2280 3922
360 94 673 177 oraeou'
772 78 775 83 ,
873 76 937 190 ης

54 213 298 295 itaqueutversum
312 213 433 290 fugimus
446 216 476 275 in
490 217 632 286 oratione,
650 215 687 276 fic
698 215 729 275 hi
741 215 802 274 sunt
816 213 937 275 evitandi

54 288 307 366 continuatipedea
325 290 497 352 Aliudenim
522 292 786 361 uiddarnestorau'o,
797 289 937 367 necquid-

54 368 141 449 quam
154 367 292 426 inimicius
310 364 396 444 quam
408 367 452 427 iila
464 386 513 429 ver
551 386 591 428 us.
608 369 696 431 raeon
709 381 803 428 autem
818 362 937 425 minime

54 445 92 504 est
106 454 186 521 aptus
199 441 235 501 ad
254 442 384 519 versum:
404 462 463 521 quo
481 443 606 504 libentius
625 462 692 506 eum
713 444 817 520 recepit
837 442 937 500 oratio.

54 517 303 597 Ephorusverdne
315 519 331 578 s
345 518 469 578 ondeum
483 520 613 599 quidem,
631 539 718 601 quem
781 521 816 586 't,
835 517 935 577 intelli-

54 598 96 672 git
109 592 163 655 effe
171 591 308 672 aequalem
332 594 440 671 adylo,
479 614 544 657 uem
551 597 655 673 probat.
667 596 770 674 syllabis
784 593 860 655 enim
875 610 935 651 me·

54 670 167 735 nendos
173 669 274 747 pedes,
292 670 445 731 noninterv
482 672 518 743 ἐ,
537 672 684 733 existimat:
704 669 937 750 quodidemfacit

54 749 86 807 in
100 747 244 816 trochaeo,
264 747 492 826 qui.temporibus
506 750 536 808 &
554 748 699 809 intervallis
712 747 749 806 est
762 765 810 824 par
819 745 933 823 jamboa

54 823 449 895 iedeovitiosusinoratione,
468 824 612 900 fiponatur
619 836 756 885 extremus
763 854 776 893 ,·
791 821 868 900 quod
875 839 937 880 ver·

54 901 92 959 ba
105 897 201 958 melius
214 899 243 957 in
255 897 365 978 syllabas
377 900 515 978 longiores
530 900 638 960 cadunt.
665 901 760 977 Atque
773 899 852 967 haec,
870 914 936 975 quae

55 975 119 1039 sunt
131 974 206 1049 apud
218 975 411 1046 Aristotelem,
430 976 529 1037 eadem
543 975 560 1035 a
573 975 782 1058 TheophrastO,
801 972 938 1034 Theode-

60 1050 89 1111 ὀὶ
125 1068 160 1109 ue
166 1050 200 1110 de
207 1069 307 1126 paeone
313 1051 447 1111 dicunttu.
568 1096 570 1100 μ

89 1069 161 1203 e3230
169 1138 261 1189 autem
267 1127 372 1197 sentio,
392 1130 525 1187 omnesin
540 1130 665 1188 oratione
679 1125 732 1189 effe
764 1126 973 1203 uafipermi-15

59 1203 114 1264 iios
128 1205 158 1261 &
171 1202 298 1263 confusos
311 1203 402 1278 pedes.
421 1222 474 1264 nec
489 1206 565 1264 eninr
573 1145 834 1282 effligerepodemus
847 1204 937 1262 anim-

62 1277 272 1348 adverfionem,
291 1277 524 1355 fisemperiisdem
536 1281 684 1341 uteremur.
702 1282 767 1358 quia
779 1297 871 1356 neque
884 1295 937 1337 nu-

61 1355 169 1417 merosa
182 1352 250 1429 effe,
270 1359 426 1430 utpoe‘ma3
446 1374 537 1433 neque
545 1370 791 1426 ernanumerurn,
810 1355 936 1414 utsermo

59 1431 138 1507 vulgi
152 1430 204 1500 est,
224 1430 305 1489 debet
312 1433 410 1492 oratio.
428 1432 557 1492 Alterum
570 1434 652 1492 nimis
659 1433 696 1492 est
703 1432 845 1501 vinetum,
863 1441 894 1490 ut
901 1429 938 1490 de

60 1506 190 1569 industria
203 1505 307 1565 fartum
321 1525 355 1583 ap
374 1521 466 1569 areat:
492 1508 607 1569 alterum
619 1511 701 1568 nimis
714 1506 887 1575 diffolutunr,
907 1517 938 1564 ut

61 1595 258 1665 pervagatum,
276 1599 309 1642 ac
322 1601 339 1641 v
368 1602 432 1672 gare
445 1583 582 1644 videatur:
602 1597 633 1644 ut
646 1585 680 1644 ab
693 1582 777 1644 altero
791 1601 850 1643 non
863 1579 938 1641 dele·

61 1659 155 1728 diere,
173 1658 287 1717 alterum
302 1658 398 1720 odetn.
443 1660 482 1720 Sit
494 1661 573 1736 igitur
588 1659 718 1738 (utsupra
732 1660 798 1736 dixi)
812 1658 937 1734 permista
949 1675 973 1734 ις

61 1736 251 1810 &temperata
258 1737 394 1806 numeria,
412 1754 466 1797 nec
479 1735 618 1807 dissoluta,
637 1755 690 1795 nec
702 1749 762 1795 tota
775 1734 937 1803 numerosa,

61 1829 166 1891 paeone
179 1809 301 1870 maxime
317 1813 463 1889 (quoniam
477 1814 597 1889 optimus
609 1812 705 1871 audior
721 1813 760 1870 ita
773 1812 873 1886 censet)
893 1810 940 1869 sed

61 1887 113 1948 reli
133 1887 173 1944 uis
187 1888 270 1946 etiarn
277 1888 413 1957 numeris,
431 1888 552 1965 quosille
558 1890 691 1964 praeterit,
711 1898 870 1963 temperata.

104 1905 212 2022 fitur,
231 1964 335 2039 Quor
356 1983 483 2023 runnu
496 1982 644 2035 numeros,
664 1963 848 2050 cumquibus,
866 1973 939 2021 tam·

63 2056 152 2116 quam
165 2057 329 2115 purpuram,
348 2041 455 2100 misceri
468 2053 594 2116 oporteat
607 2083 616 2112 ,
631 2058 709 2102 ‚nunc
722 2038 871 2099 dicendum
885 2038 940 2107 est,

65 2128 150 2191 atque
157 2117 240 2174 etiam
247 2115 342 2191 quibus
354 2118 485 2176 orationis
496 2116 638 2192 generibus
650 2115 700 2174 fint
713 2117 812 2202 cuique
825 2131 939 2173 accom-

66 2191 252 2250 modatiffimi.
268 2191 380 2264 Jambus
388 2195 465 2253 enirn
477 2191 703 2280 frequentiffrmus
716 2192 753 2250 est
765 2210 795 2250 nr
806 2191 854 2259 iis,
873 2207 938 2268 quae

66 2263 646 2342 demiiioatquehumilisermonedrcuntur.

104 2343 521 2420 Paeonauteminamplioribus:
542 2347 571 2403 in
583 2356 700 2420 utroque
713 2341 842 2418 dadylus.
860 2345 897 2400 ita
910 2343 939 2399 in
951 2355 973 2414 η

62 2420 145 2483 'varia
164 2418 340 2492 &perpetua
360 2421 485 2478 oratione
505 2419 534 2477 hi
553 2420 612 2478 sunt
630 2421 700 2479 inter
720 2419 746 2477 se
760 2418 891 2476 miscendi
909 2419 939 2475 δι

66 2492 248 2571 temperandi.
268 2491 941 2555 ficminimdanirnadverteturdelediationisaucu-

68 2575 165 2649 pium,
186 2569 216 2626 &
228 2566 394 2644 quadrandae
407 2571 536 2628 orationis
549 2570 689 2630 industria:
709 2589 773 2648 quae
791 2570 883 2629 latebit
903 2589 940 2627 eo

69 2649 173 2722 magis,
192 2643 638 2705 fi&verborunr&sententiarum
646 2646 809 2722 ponderibus
822 2659 942 2704 utemur.

69 2724 146 2784 Nam
160 2722 208 2797 qui
220 2719 348 2790 audiunt,
365 2721 427 2782 haec
441 2719 497 2783 duo
511 2722 729 2782 animadvertunt
743 2720 752 2791 ,'
779 2724 808 2779 ὃ(
818 2722 942 2798 jucunda

67 2799 116 2859 fibi
130 2797 254 2865 censent,
274 2796 433 2860 verbodico
455 2796 655 2857 &³sententias:
675 2816 762 2874 eaque
769 2796 836 2856 dum
844 2798 941 2855 animis

69 2874 178 2938 attentis
191 2872 353 2932 admirantes
368 2873 506 2955 excipiunt
519 2916 537 2943 ,,
547 2875 616 2949 fugit
629 2892 677 2933 eos
690 2917 699 2942 ,
720 2875 749 2933 δι
768 2873 941 2949 praetervolat

67 2966 215 3011 numerus:
236 2947 533 3024 quitamensrabeffet,
552 2949 832 3025 illaipsadelediarent.

108 3027 170 3084 Nec
179 3023 246 3087 vero
253 3025 352 3082 nimius
357 3026 379 3084 is
394 3026 481 3096 cursus
495 3024 532 3084 est
544 3043 742 3094 numerorum,
755 3025 885 3083 orationis
899 3023 940 3083 di·
952 3029 973 3087 ¹!

69 3122 106 3163 co
121 3103 198 3178 (nam
213 3099 250 3157 est
262 3099 345 3175 longe
358 3100 434 3161 aliter
447 3103 476 3159 in
485 3100 612 3178 versibus)
619 3101 686 3163 nihii
692 3114 722 3161 ut
730 3100 775 3160 fiat
790 3113 864 3158 extra
878 3119 942 3159 mo-

69 3180 147 3244 durn.
165 3193 232 3238 narn
245 3174 275 3235 id
287 3175 401 3254 quidem
415 3176 481 3251 effet
494 3182 607 3254 poe'rna.
622 3177 766 3241 sedomnis
778 3193 830 3235 neo
844 3176 946 3235 claudi-

870 3270 952 3325 cans,

70 3376 200 3425 nominat:
217 3389 276 3425 nam
287 3376 322 3424 ibi
334 3375 488 3430 aristoteles,
505 3373 526 3423 oi
540 3373 582 3437 add
593 3371 698 3435 ‘a'vfni'unor
708 3377 768 3425 dicit
780 3410 788 3432 ,
805 3375 892 3424 Cicero
904 3390 949 3423 ex-

69 3441 146 3506 plicat
157 3438 229 3505 pedes
240 3440 405 3506 nominatim,
420 3435 628 3563 irmbxrrzascisiitet
644 3439 813 3511 &dadylu'na
831 3440 904 3551 vrj‘a'tla
920 3503 960 3553 w
