2280 3922
77 227 139 308 764
323 224 404 290 An
444 221 705 292 Turnat.

113 330 151 387 V.
170 329 260 400 Seu,
278 346 457 400 quonian
471 329 846 391 avidumhominemadhas
858 330 948 393 disten·
989 347 996 391 r

76 403 202 482 diepulas
208 409 315 482 recepi,
334 405 371 464 fic
378 406 532 482 accipiam,-
549 418 580 466 ut
586 408 766 484 reliquiarum
772 406 806 466 fit
818 408 950 485 potiusali·
989 396 996 465 l

40 482 159 619 ³⁶33&
175 482 949 623 lussn‘liill{lllfifilisslfimmlffsff‘i'nlmfi

95 578 204 694 uaedffrn
212 577 949 714 memlbraqhabet,mquamsubtilifiqimepexrlsequamu,
985 637 996 714 ἐς

118 713 237 787 primum
250 712 284 770 de
297 710 351 787 ipsa
364 710 525 771 definitione
537 712 651 770 dicatur.
689 711 832 771 Definitio
851 713 888 771 eil
899 732 948 773 on-

74 787 134 855 tio,
153 787 267 863 quaeid‚
287 787 363 865 quod
371 786 513 857 definitur,
527 788 661 864 explicat,
675 788 744 864 quid
752 788 794 848 fit.
814 789 954 849 Definitio.

75 880 145 920 num
153 877 246 938 autem
254 864 310 923 duo
324 864 383 923 sunt
394 881 495 940 genera
508 865 603 940 prima.
623 866 725 923 Unum
739 882 839 925 earum
852 884 948 937 retum,

76 939 220 1014 quaesunt:
240 940 473 1010 alterumearum,
494 959 558 1018 quae
565 940 762 1018 intelliguntur.

40 1032 66 1091 tp
118 1014 180 1073 Esse
194 1034 226 1076 ea
239 1017 322 1086 dico,
341 1033 405 1094 quae
412 1018 501 1086 cerni,
521 1017 632 1094 tangive
639 1014 771 1093 possunt,
788 1030 822 1077 ut
829 1019 947 1090 fundum,
983 1032 996 1070 t·

79 1091 176 1160 aedes,
202 1095 359 1167 parietem,
383 1093 569 1175 stillicidium,
595 1093 788 1168 mancipium,
807 1095 946 1170 pecudem,
985 1112 996 1147 ·;

76 1168 285 1242 supelediilem‚
304 1188 405 1246 penus,
426 1182 532 1237 cetera,
552 1187 767 1247 quoergenere
796 1171 948 1231 uaedamin·
987 1185 996 1240 ῑ,

77 1244 187 1303 terdum
202 1264 218 1293 n
231 1248 309 1305 nobis
323 1245 476 1305 definienda
488 1246 556 1306 sunt.
576 1247 645 1305 Non
658 1243 712 1304 esse
726 1263 760 1303 ru
786 1265 818 1305 us
832 1264 866 1306 ea
879 1248 945 1318 dito,
972 1252 976 1257 '

78 1339 143 1397 quae
149 1326 240 1398 tangi,
260 1322 471 1382 demonstrarive
484 1340 542 1382 non
556 1321 682 1397 possunt,
703 1325 782 1381 terni
794 1336 891 1383 tamen
903 1326 953 1383 ani·

77 1415 128 1456 mo
147 1412 228 1472 atque
241 1398 352 1474 intelligi
366 1395 498 1475 possunt:
519 1409 567 1467 ut,
587 1398 841 1472 srusucapionem,
859 1400 949 1459 fitut'e·

76 1474 151 1544 lam,
170 1473 333 1552 figentem,
352 1475 372 1534 fi
386 1476 563 1550 agnationem
577 1474 688 1535 definias
703 1515 712 1540 ,
732 1492 856 1551 quarum
871 1494 945 1537 tetum

78 1551 184 1609 nullum
199 1552 282 1611 subest
289 1551 363 1629 quafi
377 1568 490 1626 corpus:
510 1551 548 1609 est
555 1562 649 1611 tamen
656 1549 790 1628 quaedam
797 1550 946 1613 confoma-

79 1627 120 1685 tio
133 1627 257 1704 insignita
273 1672 281 1698 ,
302 1630 332 1686 ὅ(
344 1625 469 1704 impressa
483 1627 680 1704 intelligentia:
709 1644 798 1703 quam
813 1631 949 1688 notionem

78 1719 162 1837 rsioco.
190 1724 221 1765 ea
241 1707 312 1782 saepe
330 1707 360 1764 in
378 1704 596 1780 argumentando
614 1700 780 1765 definitione
800 1704 950 1781 explioanda

89 1792 147 1839 unt.
827 1822 830 1829 ·
921 1830 924 1835 .
979 1830 985 1837 .

40 1856 70 1916 28
116 1856 211 1935 Atque
224 1862 308 1920 etiam
321 1856 509 1927 definitiones,
529 1857 590 1919 aliae
608 1857 668 1919 sunt
680 1858 883 1935 partitionum,
901 1858 953 1919 aliae

77 1931 253 1997 divifionurn.
272 1938 470 2005 Pannoniam,
490 1935 659 2004 cumresea,
678 1953 743 2014 quae
751 1937 894 2012 proposita
907 1934 952 2004 est,
993 1951 996 1989 2

78 2011 153 2086 quast
166 2014 195 2071 in
203 2018 327 2074 membra
340 2013 509 2089 discerpitur:
529 2024 576 2091 ut,
596 2012 616 2072 fi
648 2013 689 2071 uis
697 2012 742 2088 jus
757 2013 843 2071 civile
856 2011 953 2072 dicatid

79 2086 151 2157 effe,
169 2093 246 2166 quod
262 2093 291 2149 in
304 2090 430 2165 legibus,
449 2031 707 2158 senatusconsultis,
727 2090 808 2147 rebus
819 2089 954 2166 judicatis,
992 2132 996 2143 .

79 2163 291 2240 jurisperitorum
304 2166 482 2234 auuorttate,
503 2165 596 2224 edistis
612 2164 845 2241 magistratuum,
867 2182 951 2233 more,
992 2183 996 2219 :

81 2242 210 2316 aequitate
231 2242 362 2304 consistat.
400 2241 578 2299 Divisionum
599 2254 693 2300 autem
713 2240 841 2300 definitio
860 2244 953 2301 fornas
993 2242 996 2263 ³

81 2319 393 2397 omnescompledlitur,
413 2336 477 2395 quae
489 2317 536 2376 sub
550 2335 585 2376 eo
599 2335 699 2393 genere
712 2317 788 2387 sunt,
809 2318 888 2395 quod
895 2315 953 2377 defi·

40 2410 65 2445 u.
81 2391 169 2463 nitur,
182 2396 244 2455 hoc
253 2396 355 2455 modo:
376 2395 548 2453 Abalienatio
568 2394 605 2453 est
619 2394 676 2468 ejus
690 2394 746 2460 rei,
767 2412 835 2471 quae
843 2393 954 2471 mancipi

82 2468 136 2540 est,
154 2472 496 2541 auttraditioalterineuu,
515 2483 562 2529 aut
573 2471 603 2528 in
613 2470 674 2547 jure
689 2469 789 2539 cessio,
807 2472 880 2530 inter
893 2487 954 2549 quus

83 2563 115 2605 ea
125 2551 186 2623 jure
199 2550 273 2608 civili
286 2549 345 2607 fieri
358 2546 474 2627 poliunt.
702 2571 704 2575 ’

65 2637 68 2646 ·
119 2626 170 2684 Vl.
191 2627 292 2685 Suur
314 2643 358 2682 ur
381 2629 466 2682 rura
480 2640 580 2698 genera
588 2622 799 2682 definitionum:
815 2624 955 2684 sedadhu·

74 2699 122 2775 jus
133 2703 192 2761 libri
206 2702 357 2762 institutum
369 2701 412 2759 illa
426 2700 493 2757 nihil
514 2700 650 2774 pertinent
665 2720 672 2758 :
692 2697 801 2757 tantum
816 2700 855 2758 est
869 2701 956 2762 dicen·

40 2795 72 2856 ²9
82 2779 168 2850 dum,
188 2782 235 2856 qui
247 2778 278 2837 fit
293 2776 456 2835 definitionis
470 2775 577 2834 modus.
597 2775 640 2833 Sic
651 2776 731 2862 igitur
744 2784 854 2836 veteres
867 2778 957 2854 praeti·

81 2857 175 2929 piunt;
196 2856 260 2914 clun
274 2853 393 2912 sumseris
407 2871 455 2922 ea,
475 2852 612 2929 quaesunt
626 2853 651 2910 ei
665 2869 703 2909 rer
718 2895 726 2920 ,
747 2868 835 2927 quam
848 2853 958 2913 definire

80 2934 165 3003 velis,
185 2930 499 2998 cumaliiscommunia,
517 2929 601 3005 usque
608 2928 645 2986 eo
657 2928 795 3009 persequi,
816 2928 887 2988 dum
901 2946 962 3009 pro-¹

81 3012 173 3080 prium
181 3011 329 3076 efficiatur,
368 3004 534 3064 uodnullanr
542 3006 571 3062 in
585 3004 666 3063 aliam
679 3021 739 3062 rem
752 3007 892 3064 transferri
905 3004 961 3082 pos·

82 3082 123 3144 fit
141 3087 259 3157 Uthoc,
274 3025 593 3156 Heressitaseslpecunia.
614 3081 775 3139 Commune
782 3080 884 3166 adhue.
892 3081 960 3142 marl-

81 3168 112 3215 ta
126 3164 200 3220 enim
214 3179 313 3238 genera
325 3159 386 3218 sunt
397 3158 530 3235 pecuniae.
555 3156 638 3215 Adde
651 3156 728 3233 quod
740 3155 881 3232 sequitur:
920 3176 963 3217 uae

85 3247 177 3293 morte
191 3239 301 3315 alicujus
314 3235 348 3295 ad
362 3236 522 3311 quempiam
536 3233 668 3308 pervenit.
689 3232 889 3293 nondumestd
943 3236 965 3293 i·

84 3308 135 3365 tio.
155 3314 245 3373 multis
257 3316 333 3373 enim
348 3311 438 3370 modis
450 3311 506 3369 fine
518 3309 668 3368 hereditate
682 3309 769 3367 teneri
782 3322 962 3370 mortuomm

84 3387 212 3455 pecuniae
224 3389 339 3466 poliunt.
358 3390 455 3446 Unum
463 3386 534 3446 adde
546 3376 678 3454 v'erbum,
693 3386 762 3461 jure.
777 3386 838 3462 jam
853 3385 870 3445 al
886 3404 969 3463 eumq

87 3460 222 3519 munitate
235 3484 275 3526 res
282 3464 413 3544 disjundta
419 3464 569 3532 videbitur,
589 3472 620 3519 ut
633 3460 665 3518 fit
677 3460 808 3535 explicata
822 3461 965 3531 definitio,

76 3532 143 3696 Rq
160 3533 305 3606 Hereditas
318 3542 354 3604 est
367 3541 501 3620 pecunia,
519 3556 584 3620 quae
590 3537 806 3621 mottealicujus
818 3537 854 3628 ad
867 3556 969 3624 quena-v

892 3631 966 3691 piam
