2280 3922
373 39 404 87 bc
418 39 469 85 ana
482 39 624 102 permutta.

249 132 254 143 ¹
306 101 363 166 286
413 103 516 165 LXXI.
535 102 635 161 Sunii
655 123 776 162 estun
796 97 884 162 facete
897 99 1040 161 concedas
1052 100 1113 160 adu

374 180 478 315 fissum,
496 178 574 257 quod
584 179 632 237 tibi
645 180 689 239 ilie
703 180 832 239 detrahit:
852 190 883 237 ut
897 180 930 236 C.
938 179 1061 247 Laeh'us,
1081 177 1113 235 cit

395 274 442 317 am
456 258 530 315 malo
542 271 643 330 genere
656 266 734 314 natus
748 257 865 324 diceret,
884 254 1032 330 indignum
1047 251 1113 312 esse:

376 334 471 401 rihtet,
490 338 534 389 At
553 332 672 402 hercule,
696 334 807 409 inquit,
835 347 865 388 tu
883 331 935 387 tuis
946 333 1046 405 dignus.
1085 331 1113 388 Sa

375 404 536 469 sententiose
547 407 659 467 ridicula
666 408 806 468 dicuntum
826 408 1109 483 utM.Cincius‚qu0

377 485 413 543 de
426 482 505 541 donis
518 485 548 541 &
562 485 717 562 muneribus
729 485 805 553 tulit,
826 484 889 541 cum
905 484 938 541 C.
946 484 1042 541 Cento
1057 501 1113 558 pro<

376 559 435 619 satis
442 558 657 630 contumeliose,
668 562 802 638 Qidsers
809 601 817 629 ,
824 559 952 619 Cinciolee
964 557 1113 636 quaesiffet:

377 636 483 715 inquit,
502 637 568 705 Gai,
580 633 607 713 fi
618 639 659 695 κη’
670 637 743 695 velis.

310 706 365 779 287
417 712 495 788 Saepe
509 714 592 771 etiam
603 711 665 771 salse
676 724 741 790 quae
754 712 812 771 fieri
829 730 888 770 non
901 710 1012 789 possunt
1026 755 1035 783 ,
1055 724 1113 789 opu

263 789 326 837 m.
379 787 422 848 M.
430 789 567 865 Lepidus,
587 788 895 864 cbmceterisincantpo
910 790 1113 857 exercentibus,

379 865 434 941 ipse
449 863 623 936 recubuisset,
643 866 733 926 Vellem
745 865 869 942 hoceffet,
888 866 995 943 inquit,
1014 866 1113 923 saborar

379 942 417 1001 est
431 943 514 1001 etiam
528 943 725 1019 quaerentibus,
744 941 1113 1019 &quafipercuns’tantibus,

377 1019 394 1079 s
408 1020 511 1081 ondere
525 1019 601 1095 quod
608 1019 726 1078 nollent:
747 1031 779 1076 ut
792 1018 886 1077 censor
893 1017 1035 1092 Lepidus,
1054 1018 1113 1077 cum

288 1104 291 1109 “
404 1098 429 1153 'o
443 1094 570 1170 Pyrgenfi
577 1113 680 1171 equum
688 1092 843 1162 ademisset,
858 1094 998 1171 amicique
1006 1095 1072 1153 cum
1079 1111 1113 1151 vo

379 1181 439 1241 tut,
459 1174 663 1247 &quaererent,
684 1171 799 1248 quidiile
805 1172 873 1246 patri
887 1169 935 1228 suo
942 1169 1113 1245 responderet

381 1258 507 1323 emptum
522 1245 570 1304 fibi
583 1263 686 1323 equum
700 1247 818 1315 diceret,
839 1245 903 1304 citm
912 1246 1036 1322 optimus
1050 1246 1112 1304 colo

381 1324 513 1392 cisimus,
534 1322 756 1393 modestissimus,
775 1321 962 1399 frugaliffimus
977 1320 1066 1382 esset:
1087 1331 1113 1379 M

220 1432 224 1439 ν
382 1399 487 1475 inquit,
508 1398 573 1457 nihil
586 1400 688 1459 credere.

220 1485 226 1490 ”
314 1475 370 1535 288
421 1475 591 1550 Colliguntur
602 1473 619 1534 i
631 1476 734 1535 Graecis
747 1474 797 1535 alia
809 1473 939 1534 nonnulla
953 1517 963 1543 ,
983 1475 1113 1535 exsecrati

383 1552 555 1622 minutiones,
576 1553 748 1611 minationes.
781 1551 835 1611 Sed
846 1552 907 1610 haec
920 1552 974 1626 ipsa
989 1553 1073 1611 nimis
1085 1570 1113 1609 m]

383 1629 470 1687 multa
483 1629 512 1685 in
524 1645 623 1703 genera
636 1626 803 1705 descripsisse.
827 1645 893 1685 nam
906 1627 966 1696 iila,
987 1646 1052 1705 quae
1069 1644 1113 1685 ver

384 1705 454 1763 &vi
469 1704 643 1762 continentur
659 1746 668 1774 ,
695 1716 767 1763 certa
781 1700 837 1761 fere
857 1720 889 1761 ac
903 1702 1016 1762 definita
1029 1704 1107 1767 sunt:

301 1806 304 1811 ¹
384 1791 517 1857 r'utnque,
538 1778 637 1839 utente
645 1780 715 1851 dixi,
733 1779 834 1838 laudari
842 1779 944 1854 tnagis,
963 1778 1050 1856 quim
1058 1778 1112 1837 ride

317 1849 373 1924 289
396 1920 399 1925 ,
423 1859 496 1917 Haec
508 1868 618 1926 autem,
637 1875 700 1933 quae
712 1857 772 1915 sunt
785 1856 813 1914 in
826 1873 873 1924 re,
892 1856 957 1913 &in
970 1855 1025 1930 ipst
1037 1855 1113 1913 sentet

384 1935 453 1984 tibus
466 1935 525 1984 stint
537 1932 741 1984 innumerabilia
756 1975 765 1984 .
792 1931 933 1984 ueneribus
946 1948 1043 1984 nauca.
1080 1930 1113 1984 Ei
