2280 3922
386 172 647 242 Brutus.
906 190 967 259 535

25 312 37 329 ·
75 280 137 347 defit
149 288 170 353 ,⁸
188 279 414 343 Demosthenem
427 277 509 341 facile
523 277 631 339 dixeris.
662 274 742 337 Nihil
755 273 837 335 acute
850 274 969 335 inveniri

139 359 159 417 't
173 360 205 417 in
219 361 258 419 eis
274 356 376 428 caulis,
394 375 461 434 quas
474 355 589 432 scripit,
608 352 677 415 nihil
690 354 733 431 (ut
744 353 781 412 ita
788 352 892 427 dicam)
907 351 967 411 sub-

74 370 149 506 horlhu,
169 435 241 497 nihil
253 434 375 505 versute,
396 432 475 511 quod
486 433 532 493 ille
544 450 605 491 non
620 430 735 500 viderit;
756 428 824 489 nihil
836 428 993 513 subditerh

73 510 140 582 dici,
160 510 231 573 nihil
243 510 345 589 prede,
365 510 434 571 nihil
446 506 605 580 enucleati,
626 526 684 586 quo
698 506 757 567 fieti
770 505 850 593 possut
862 504 965 592 aliquid
975 540 1000 577 t,

72 586 207 658 imerius:
227 586 399 649 nihilcontri
405 587 527 663 grande,
544 585 612 645 nihil
626 585 790 654 incitatum,
810 582 999 667 nthrlorna-se⁸

72 664 343 735 tumuelverbotum
356 665 530 743 hgtauitate,
549 658 1000 738 velsententiarum,quoquid-v1

70 738 340 821 quameffetelatius.
975 725 1000 768 Δ

79 822 82 829 ’
104 818 186 877 Huic
194 819 351 906 Hyperides
357 820 516 897 proximus,
530 818 561 877 ὅτ
574 815 721 877 AEschines
734 815 802 882 fuit,
818 812 965 890 &Lycur-
975 814 1000 879 3<

70 910 134 971 giis,
156 895 367 967 &Dinarchus‚
388 897 463 967 &is,
484 895 561 970 cujus
573 893 646 953 nulla
657 891 760 951 exstant
771 890 884 965 script-a,
905 890 966 949 De-

70 971 184 1042 mdo,
206 972 446 1050 ²²aliiqueplurea
464 972 623 1031 Haecenim
638 982 703 1028 aetas
716 965 814 1027 effodit
827 966 900 1025 hanc
914 984 966 1025 co·

70 1048 164 1125 piam3
185 1049 233 1117 ἃ,
251 1061 282 1108 ιιι
295 1049 393 1126 opinio
407 1067 471 1109 mea
484 1050 553 1119 fert,
572 1046 665 1106 succus
684 1044 729 1103 ille
748 1045 778 1103 δε
797 1042 902 1118 sanguis
922 1044 966 1103 in·

70 1136 216 1261 ttdtrtalhptus
215 1124 305 1260 1rsrsgue
311 1125 347 1185 ad
352 1126 424 1261 ligne
432 1138 545 1259 {rsuram
561 1136 703 1183 oratorum
716 1121 785 1190 fuit,
804 1120 833 1177 in
846 1136 901 1195 qua
914 1137 964 1179 na-

167 1220 214 1261 me
235 1220 251 1261 e
270 1245 279 1272 ,
299 1220 358 1261 non
384 1221 435 1261 uca
484 1220 513 1259 nr
526 1219 565 1259 or.

106 1276 255 1338 Phalereus
262 1280 338 1337 enirn
345 1278 465 1338 succedit
472 1279 510 1336 eis
516 1277 622 1337 senibus
635 1272 807 1342 adolescens,
823 1270 988 1332 carduili-3

71 1353 187 1413 musille
198 1354 313 1431 quidem
320 1356 421 1414 horum
430 1356 576 1423 omnium,
589 1350 964 1412 sednontamarmisinstitu-

70 1440 131 1499 tus,
149 1429 236 1506 quim
251 1431 377 1507 palaestra.
396 1433 488 1508 itaque
502 1430 654 1490 deletiabat
668 1445 713 1514 ma
733 1427 963 1495 isAthenienses,

71 1504 159 1591 quim
165 1508 362 1589 inflammabat.
368 1505 533 1585 procederat
540 1508 617 1565 enirn
633 1517 661 1556 ²³
670 1522 700 1563 m
711 1446 798 1563 duem
806 1546 815 1575 ,
830 1503 964 1580 &pulve-

885 1598 964 1649 rem,

993 1272 1000 1287 t

996 1316 999 1328 4

71 1698 100 1729 ο.
122 1699 175 1730 num
185 1685 302 1731 literarum
312 1685 426 1730 admodum
437 1684 495 1729 nihil
509 1680 588 1741 sciebat
603 1698 611 1725 .·
633 1695 697 1745 pro,
713 1681 771 1726 m'uit
787 1681 872 1727 omniuo
887 1680 965 1725 litera-

71 1762 127 1795 m.
162 1760 221 1793 taam
232 1745 296 1793 hunc
309 1745 408 1810 quidem
421 1741 467 1793 eise
481 1740 587 1800 senium,
604 1758 634 1791 ex
652 1743 690 1791 his
708 1758 760 1807 qua
781 1741 811 1791 de
829 1740 917 1789 codem
929 1738 964 1789 se-

73 1820 193 1919 gunntut,
211 1810 297 1873 colligi
308 1809 386 1882 uerbis
398 1807 484 1872 potest.
519 1808 653 1855 Neminem
665 1840 673 1863 ,
685 1805 776 1879 'inquit
790 1840 797 1861 ,
819 1820 849 1853 ert
861 1803 899 1852 his
928 1807 966 1853 ui-

88 1886 144 1927 em,
162 1872 205 1936 qui
217 1872 334 1937 aliquom
344 1886 447 1920 numero
457 1869 568 1928 fuerunt,
584 1884 692 1935 cognovr
704 1885 731 1917 m
743 1869 813 1917 omni
825 1882 912 1933 genere
937 1884 966 1916 o-

74 1934 197 1997 nellarum
209 1936 299 1983 artium
309 1947 362 1983 tam
373 1933 516 1990 rodostum,
532 1945 585 1981 tam
597 1932 689 1981 tudem.
723 1931 828 1981 Nullum
844 1932 887 1979 ille
903 1934 967 1996 po'e'-

73 2008 126 2047 tam
139 2011 254 2057 noverat,
273 1999 369 2047 nullum
381 1999 473 2065 legerat
488 2009 626 2054 oratorem,
637 1996 733 2045 nullam
744 1997 892 2043 memoriam
903 1997 968 2044 auti-

73 2062 176 2126 quitatis
189 2063 342 2127 collegetat,
359 2077 411 2110 nou
427 2060 551 2127 publicum
568 2062 624 2121 ius,
646 2074 697 2107 uon
710 2060 832 2124 privatum
850 2061 876 2109 δι
894 2060 967 2107 civile

74 2138 235 2191 cognoverat.
264 2125 317 2176 Nisa
328 2127 384 2191 quis
395 2125 481 2183 malit,
497 2124 537 2173 hic
549 2139 594 2189 pro
600 2124 650 2185 fere*
668 2118 714 2171 effe
725 2121 838 2188 politum.
873 2126 968 2187 quoin

73 2186 214 2253 fignificato
225 2191 368 2255 plerumque
379 2191 419 2239 vel
431 2188 502 2255 signo
514 2189 622 2255 generali
638 2187 769 2259 negativo,
786 2186 826 2235 vel
860 2188 966 2237 articul-‘e

74 2267 204 2301 numerum
220 2254 331 2311 notanti,
349 2252 460 2303 additum
476 2253 553 2318 reperi
571 2250 633 2316 apud
650 2265 732 2316 pruma
750 2263 814 2298 notu
842 2250 965 2315 criptores.

75 2316 140 2363 velut
153 2312 256 2366 secundo
269 2317 299 2366 de
312 2322 417 2366 Oratore
430 2335 437 2365 ι
459 2321 558 2365 Sericum
569 2326 624 2364 ulter
634 2334 675 2362 nou
686 2317 794 2371 multum,
812 2317 868 2377 quod
878 2318 967 2379 «guidem

75 2392 172 2434 extaret,
190 2384 320 2444 &idipsum
330 2385 463 2441 adolescens,
484 2383 609 2429 alterniuil
620 2381 733 2427 admodum
745 2378 881 2444 reliquifftr:
905 2393 966 2442 pto,

76 2447 136 2489 nihil
149 2446 198 2501 seri
215 2447 339 2510 reliquiffit.
379 2450 409 2495 Τ.
421 2445 524 2493 Livius:
548 2447 592 2491 Sex
605 2446 679 2490 nullia
695 2440 787 2502 hostium
802 2442 857 2499 cufi,
873 2447 969 2506 quiuque

75 2509 192 2553 :uiuidum
201 2514 348 2567 'Ronruuorum
356 2513 482 2557 nutacr'utum
493 2508 529 2567 est.
556 2505 641 2555 Idem:
659 2512 786 2554 armorum
796 2503 907 2564 iuditium
918 2522 968 2554 ma·

71 2586 139 2632 guam
151 2575 201 2616 vim
211 2574 338 2628 transtulit,
354 2575 439 2619 nullam
448 2575 560 2634 periurium
569 2573 684 2619 admodum
696 2587 704 2615 .·
727 2582 788 2633 pro,
804 2570 862 2615 uilu'l
869 2568 918 2627 sere*
929 2582 967 2631 pe·

76 2638 150 2681 cuuis.
184 2632 273 2683 Rursus
286 2651 293 2682 ε
311 2642 396 2683 Num
407 2639 463 2682 locus
474 2639 525 2696 jum
536 2634 586 2681 aitte*
595 2647 695 2697 preceps,
711 2635 789 2679 recenti
799 2646 858 2678 tcrrae
870 2632 929 2694 lapfic
944 2636 970 2679 r'n

72 2706 151 2759 perram
160 2700 221 2743 mille
232 2701 346 2745 amodum
357 2701 496 2745 altitudinem
507 2699 608 2760 abruptus
618 2712 672 2745 erat.
691 2693 735 2745 Sed
765 2691 863 2743 norsum
876 2695 967 2743 attinet

76 2760 146 2823 plura
157 2758 188 2807 de
197 2759 243 2809 hac
254 2776 279 2809 re
292 2763 418 2826 menapia,
426 2775 478 2825 quar
489 2758 542 2809 stunt
552 2761 615 2825 pene
632 2762 760 2809 innumera
776 2758 833 2814 ilia,
845 2756 970 2807 confesta-

78 2823 136 2871 ΗΞ·
155 2827 225 2872 iuius.

110 2828 268 2953 athaliique
276 2891 368 2951 ρήσει]
399 2891 432 2935 Ut
445 2885 571 2943 Phocion,
588 2885 705 2950 Pytheas,
722 2884 872 2941 Lamachus,
889 2884 971 2933 calli-

76 2946 134 3007 des,
151 2952 271 3007 Eubulus,
290 2950 454 3015 aristophon,
471 2953 497 2999 ὃ(
511 2950 670 3022 Aristogiton.
706 2950 726 2996 li
742 2949 809 2996 enim
826 2962 914 2997 omues
932 2949 970 2996 vi-

78 3012 164 3062 dentur
175 3028 284 3064 oratores
298 3014 383 3063 iisdem
399 3012 549 3079 temporibus
568 3010 657 3069 forise,
679 3026 705 3060 ut
723 3027 752 3059 ex
765 3012 830 3061 vitis
849 3010 971 3061 Plutarchi

78 3076 163 3141 colligi
175 3077 260 3142 potest.
270 3082 371 3144 ,Aliique
382 3082 494 3143 complures
506 3074 568 3124 dixit
580 3074 611 3125 de
623 3074 709 3125 eadem
720 3091 745 3124 re
758 3075 862 3140 loquens
875 3074 928 3125 Lih.
936 3080 968 3125 11.

78 3138 109 3187 de
121 3145 189 3189 Orat.
209 3146 295 3190 currui.

110 3220 147 3258 23·
166 3212 191 3251 lu
198 3207 264 3265 suam
277 3209 303 3259 φ·
313 3208 445 3268 pulverem]
461 3210 490 3253 ln
503 3201 655 3268 ampelium,
672 3205 698 3252 in
710 3204 837 3258 lucem,iu
849 3200 969 3257 medium,

78 3266 104 3314 in
117 3266 253 3331 publicum,
270 3270 404 3325 inlocum,
421 3268 462 3316 ubi
473 3267 568 3332 publice
588 3280 681 3321 oraret,
699 3264 910 3332 quemadmodum
921 3265 970 3312 mi-

78 3330 148 3386 lites,
166 3332 277 3397 iquibus
297 3333 370 3381 dueta
385 3332 419 3380 est
434 3334 579 3387 translatio,
596 3332 610 3380 ὲ
627 3330 784 3381 tabernaculo
803 3331 828 3378 in
847 3326 924 3378 solem
941 3328 970 3375 dt

79 3396 204 3459 pulverem
215 3398 344 3461 puagnatuti
356 3394 484 3460 prodeunt.
502 3394 572 3443 Unde
584 3397 609 3442 in
622 3395 689 3443 libris
702 3396 823 3442 oratoriis
835 3394 871 3442 ita
882 3390 957 3457 loqui·

78 3470 131 3506 tut:
148 3464 260 3507 Educatur
270 3463 336 3507 dt'tlio
347 3460 397 3520 ejle'
410 3460 521 3519 domestica
531 3463 693 3515 exercitatione,
710 3462 736 3511 <a
748 3460 863 3507 unairuili
926 3458 932 3469 '

74 3525 100 3567 in
108 3538 197 3583 qaam,
213 3528 238 3571 a'u
246 3532 375 3585 puluerem,
392 3527 416 3571 iu
428 3526 559 3581 clumam,
577 3527 601 3571 iu
611 3522 697 3587 castra,
708 3538 773 3589 atque
785 3526 854 3573 etiem
863 3520 899 3582 li*

522 3588 596 3653 l-lu
