2280 3922
203 130 266 201 404
434 111 849 181 DeOunnout

205 218 320 291 falsum,
339 216 577 296 atqueimitafione
590 214 765 287 simulatum,
786 217 880 293 major
887 215 991 292 atsaiiqu

207 294 275 354 fitan
288 294 352 355 effet
363 291 531 367 requirenda.
550 310 625 351 nunc
638 310 710 368 ege,
729 293 871 369 quidtibi,
892 290 988 358 Crasse,

153 380 156 385 '
207 368 423 434 ceteritaccidat,
442 366 548 427 nescio:
571 368 605 426 de
619 387 665 426 me
679 379 771 427 autem
786 369 866 427 causa
879 368 948 427 nulia
960 367 990 425 eii

207 444 277 521 apud
288 443 656 518 hominesprudentiffimos,
676 456 704 502 at
723 463 759 502 ue
771 446 947 503 amiciffimos
958 461 991 500 mc

205 536 262 603 nnn
273 516 430 604 mehencule
442 538 578 597 umquam
592 522 663 597 apud
671 463 795 597 mances,
815 533 863 579 aut
876 519 990 578 dolorem

205 592 432 665 misencordmm',
451 597 653 667 autinvidiam,
672 608 718 654 aut
725 597 824 655 odium
831 599 949 655 excitare
961 596 991 653 dit

185 668 294 736 --voum
314 671 383 747 quin
395 673 449 748 ipse
460 675 489 731 in
503 672 715 733 commovendis
722 672 880 749 judicibus,
899 670 986 747 iisipfis

200 742 265 815 bus,
284 745 720 824 adquosiilosadducerevellem,
740 762 929 824 permoverer,

85 888 92 901 ,
140 824 194 884 190
242 824 346 902 Neque
357 825 433 885 enim
447 825 525 885 facile
539 827 576 885 est
587 826 716 903 penficere
730 866 739 895 ‚
766 836 797 882 ut
810 825 971 892 nimscatut,
986 840 991 878 ι

51 906 72 963 Ρ,
83 882 193 958 namatux
201 901 284 970 uelis,
298 900 402 978 judex,
421 902 536 979 sttuipse
544 901 649 962 idlente
656 903 724 959 ferre
732 900 859 959 videare:
878 910 991 984 nequeut

46 962 173 1063 {le'arffl‘ei
203 979 334 1048 riteum,
353 979 564 1057 quemtuvelis,
581 976 751 1051 nifiteipsum
765 977 928 1052 flagrantem
940 974 991 1061 ndu

47 1075 124 1123 Lanu.
141 1076 197 1124 nm
205 1054 317 1113 viderit:
337 1056 470 1132 nequead
478 1053 864 1123 misericordiamadducemr‚
884 1051 991 1111 nifiettu

49 1142 94 1189 vit.
197 1129 307 1191 ¹doloris
320 1134 361 1191 tui
373 1131 482 1201 verbis,
501 1131 659 1200 sententiis,
677 1144 774 1199 voce,-
792 1129 887 1197 vultu,
906 1129 991 1187 collau

48 1265 67 1313 P
86 1266 186 1314 cxxm
204 1207 282 1267 tione
294 1208 412 1286 denique
426 1208 578 1268 ostenderis·
604 1209 645 1265 Ut
658 1207 733 1265 enim
745 1205 819 1264 nulla
832 1207 991 1264 matenesn

206 1284 262 1342 cilis
268 1284 302 1342 ad
309 1282 536 1359 exardescendum
544 1283 597 1353 est,
616 1300 698 1360 quae,
715 1281 764 1340 nifi
770 1281 891 1341 admoto
898 1282 970 1357 igni,
985 1280 991 1336 i

47 1328 181 1440 ἓῐπὲῖίῖξ
198 1361 453 1446 conciperepoffit:
474 1359 589 1419 sle-nulla
597 1376 674 1417 mens
687 1357 725 1415 est
737 1368 795 1416 tam
803 1358 839 1416 ad
846 1357 991 1444 compnehe

48 1456 137 1504 mn„
206 1436 270 1493 dam
285 1453 343 1495 vnn
350 1438 578 1513 oratorisparata,
596 1452 659 1511 quae
673 1433 753 1509 poffit
764 1433 896 1505 incendi,
915 1434 991 1493 mfin

48 1518 121 1580 steph,
207 1513 485 1590 matusipseedcam,
504 1511 636 1571 &ardens
649 1506 815 1569 uaccefferis.

141 1597 193 1658 191
244 1588 350 1649 XLVI.
369 1592 441 1660 Ac,
462 1606 507 1648 nn
528 1605 652 1647 fonte
672 1585 728 1644 hoc
742 1602 899 1661 magnum,
919 1605 991 1646 acm

203 1663 259 1723 effe
272 1667 411 1737 videatur,
429 1667 575 1725 hominem
581 1665 661 1724 toties
667 1662 760 1731 irasci,
776 1663 861 1721 toties
875 1664 987 1735 dolere,

205 1744 285 1800 omni
297 1744 382 1802 animi
395 1754 476 1819 motu
495 1741 643 1810 concitari,
661 1738 809 1816 praesentim
822 1739 855 1797 in
877 1741 959 1800 nebus
979 1758 991 1800 a

128 1868 132 1875 .
204 1832 305 1895 magna
318 1819 403 1879 visest
408 1814 504 1879 etrum
509 1814 717 1884 sententiarum,
735 1826 819 1891 atque
831 1832 937 1876 eorum
950 1817 991 1876 loc

204 1912 276 1971 quos
289 1912 350 1971 agas
363 1895 511 1972 tractesque
524 1894 659 1963 dicend0,
679 1891 747 1949 nihil
758 1901 790 1947 ut
797 1908 871 1966 opus
877 1892 991 1952 iit-fiunti

205 1974 236 2027 ὃ(
247 1971 365 2029 fallaciis.
383 1972 436 2046 ipsa
449 1972 524 2027 enim
530 1981 625 2026 natura
632 1968 761 2027 orationis
775 1967 852 2043 ejus,
872 1986 942 2045 quae
955 1971 991 2029 sui

203 2044 240 2102 ad
251 2046 367 2103 aliorum
381 2046 488 2102 animos
501 2043 720 2118 permovendos,
740 2054 887 2105 oratorem
901 2047 991 2123 ipsum

203 2119 311 2189 etiam,
330 2118 415 2197 quim
429 2136 599 2197 quemquam
614 2135 712 2177 eorum
727 2159 736 2188 ,
757 2119 805 2196 qui
819 2120 962 2195 audiunt,
982 2142 991 2201 1

202 2207 258 2253 Vei.

140 2286 194 2344 192
241 2271 319 2330 Etne
325 2272 380 2332 hoc
387 2269 416 2333 in
429 2273 530 2342 caufis,
548 2267 577 2330 in
585 2269 710 2348 judiciis,
730 2271 759 2328 in
772 2273 938 2334 amicorum
952 2295 991 2354 pe:

201 2347 538 2418 inconcursuhominum,
557 2348 719 2417 incivitate,
739 2348 883 2408 ⁹¹inforo
897 2354 991 2411 accide

202 2436 311 2494 remur,
332 2424 396 2483 cum
410 2429 496 2502 agitur
514 2440 572 2483 non
592 2424 679 2482 solum
700 2423 804 2498 ingenii
823 2426 914 2485 nostri
928 2429 991 2487 exiii

203 2499 282 2574 (nam
290 2501 318 2560 id
331 2499 395 2559 effet
406 2502 505 2560 levius:
526 2517 712 2578 quamquam,
732 2497 986 2575 cumprofeffucfis

202 2574 389 2650 poffefacere,
408 2574 485 2653 quod
490 2579 588 2653 pauci,
606 2594 642 2634 ne
652 2574 681 2633 id
694 2574 808 2650 quidem
821 2579 991 2655 negligendi

202 2651 248 2711 sed
268 2652 318 2711 alia
331 2654 390 2712 sunt
404 2655 508 2731 majora
521 2654 610 2711 multo
628 2662 649 2719 ,ί
656 2649 722 2709 fides
736 2688 748 2718 ,
765 2645 919 2725 officium,
937 2656 991 2733 dili!

203 2729 300 2804 quibus
313 2729 522 2799 rebusaddueti,
542 2732 625 2787 etiam
633 2744 697 2784 cum
711 2725 991 2791 alienissimosdefen«

203 2815 298 2863 tamen
306 2823 354 2865 eos
361 2807 479 2876 alienos,
499 2803 630 2881 stipstuiri
642 2802 710 2861 boni
722 2800 854 2863 volume
867 2806 988 2879 haberi,

203 2896 279 2939 mare
293 2880 511 2959 nonpoffumus.
934 2880 939 2891 '

234 3075 271 3116 91.
290 3069 315 3109 In
323 3065 372 3123 soro
384 3065 474 3110 accidere
484 3060 609 3116 mimum]
624 3062 653 3107 In
664 3048 805 3106 [inmodice
814 3054 991 3129 minusct'ipni

202 3136 241 3173 tur
252 3125 364 3190 deinceps
375 3125 424 3173 haec
434 3123 519 3178 verba,
535 3126 633 3171 videmus
644 3126 710 3169 etiam
721 3121 746 3166 id
754 3125 840 3168 evenire
857 3126 883 3170 in
894 3128 991 3190 quibua

202 3190 263 3234 rebus
272 3190 364 3250 confictis
375 3189 389 3233 ὲ
401 3190 477 3244 nubis,
500 3190 525 3238 ir
542 3186 612 3245 noſsra
627 3187 749 3257 cogitatione
764 3184 893 3232 adinventis
909 3184 991 3237 deindq

202 3241 991 3375 {5¹2quqbqssaquaedgqqseqedecrqqqqonffiqiaqqaqusmqqqqq}

200 3373 249 3490 quse
259 3388 321 3442 puto
331 3378 456 3433 nemiuem
466 3374 620 3429 mediociter
628 3344 762 3435 'tuditem
778 3374 822 3440 qui
831 3388 888 3431 uon
898 3374 991 3429 videat.

202 3457 248 3505 fni
554 3468 557 3477 “

964 3516 991 3565 5¹
