2280 3922
203 114 266 176 40²·
439 95 853 163 DeOnneonss

46 210 66 262 lc
81 209 191 265 tamt.
205 202 253 261 vel
263 202 295 263 in
308 200 475 282 peroranda,
493 214 601 263 tantam
614 202 697 261 habet
708 203 785 272 vim,
803 200 874 259 fiest
886 200 1000 263 suaviter

45 275 105 329 nae.
208 296 276 339 cum
289 281 364 339 sensu
375 278 536 349 meatum,
555 292 587 338 ut
599 278 669 354 saepe
682 278 757 354 plus,
777 276 862 356 quam
877 279 974 349 causa,
991 299 1000 339 t

208 352 335 415 Tannum
343 368 436 415 autem
443 355 637 415 efficitnrsensu
643 355 784 431 quodam,
801 371 835 412 ac
841 354 952 413 ratione
965 356 1000 415 dic

207 444 239 490 ut
244 432 319 509 quast
332 448 425 491 mores
435 432 549 492 oratoris
563 432 672 506 effingat
685 432 783 490 oratio.
802 431 915 489 Genere
927 433 1000 491 enim

206 508 272 566 dam
284 507 493 579 sententiarum,
512 508 660 583 &genere
679 508 846 575 verborum,
865 506 985 566 adhibita

205 582 314 643 aeliane
326 584 399 655 leni,
420 587 450 634 Β4
458 584 672 659 facilitatemque
694 582 880 658 significanti,
908 583 1000 643 efficite

205 660 302 735 probi,
320 671 352 720 ut
358 659 429 719 bene
435 661 552 728 morati,
571 671 601 717 ut
608 659 675 717 boni
681 659 733 718 viri
740 658 792 718 effe
799 657 953 719 videanttu.

138 732 194 810 185
243 736 350 796 XLIV.
369 737 474 796 Hunc
494 754 622 795 aunem
643 735 680 793 est
697 734 742 793 illa
763 733 850 809 dispar
870 734 994 810 adjunto

204 812 352 883 orationis,
370 830 434 889 quae
446 812 500 871 alio
514 812 638 889 quodam
650 828 751 945 {encre
764 821 874 867 mentes
882 810 1000 886 judicum

103 894 106 900 '
204 900 319 960 movet,
336 888 520 965 impellitque,
540 900 649 946 utauto
670 887 755 955 erint,
773 896 821 943 aut
833 885 964 962 diligant,
982 906 1000 947 at

46 972 59 1019 1
73 966 173 1036 sperent.
202 965 329 1036 videant,
347 976 395 1023 aut
406 964 509 1023 salvum
522 964 624 1034 velint,
643 974 689 1021 aut
703 973 848 1031 metuant,
867 974 917 1022 aut
931 965 1000 1039 ¹spen

48 1036 381 1130 “ml-Peaeautcupiant,
401 1052 448 1101 aut
454 1041 632 1109 abhorreant,
651 1050 698 1097 aut
705 1039 851 1107 laetennu,
872 1051 922 1097 aut
934 1058 1000 1100 mur

46 1114 77 1146 ⁹·
205 1131 252 1178 aut
258 1118 446 1186 misereantur,
465 1118 613 1193 autpunite
619 1115 721 1185 velint,
739 1125 787 1173 aut
801 1115 828 1161 ⁸⁵
838 1114 934 1175 adeos
940 1130 1000 1177 mon

204 1192 350 1263 ducaunu,
370 1193 391 1251 st
403 1194 450 1271 qui
462 1192 571 1252 finitimi
583 1192 643 1252 sunt
656 1233 666 1262 ,
686 1192 716 1250 &
728 1191 878 1269 propinqui
890 1192 935 1252 hit
947 1206 1000 1253 act

205 1270 290 1327 animi
303 1269 555 1345 perturbationibus.

138 1336 191 1396 186
237 1344 331 1423 Atque
343 1344 410 1405 illud
416 1344 567 1422 optandum
575 1343 612 1402 est
619 1343 739 1413 oratori,
757 1352 789 1401 ut
795 1342 920 1422 aliquam
934 1366 1000 1424 pem

198 1435 267 1479 nem
274 1423 431 1482 animorum
437 1422 483 1487 sua
494 1421 589 1497 sponte
601 1419 651 1496 ipfi
664 1419 778 1477 afferant
790 1419 827 1478 ad
842 1423 955 1483 causam
964 1426 1000 1502 ju<

198 1494 289 1569 adid,
309 1497 489 1577 quodutilitas
502 1496 614 1556 oratoris
626 1497 713 1565 fetet,
731 1498 992 1561 accommodatam.

198 1569 378 1634 liusestenim
384 1584 536 1633 currentem
550 1574 593 1650 (ut
602 1572 689 1648 ajunt)
702 1571 834 1641 incitare,
853 1573 945 1651 quim
959 1594 1000 1637 cot

200 1650 456 1727 verelanguentem.
475 1650 521 1709 Sin
528 1648 571 1719 id,
592 1659 704 1707 autnon
716 1647 783 1716 erit,
801 1658 852 1707 aut
866 1652 923 1710 erit
935 1654 1000 1713 obse

100 1760 108 1775 ι
136 1761 143 1776 ·
199 1723 269 1785 ficut
283 1727 395 1785 medico
408 1726 547 1801 diligenti,
565 1721 718 1801 priusquim
733 1735 852 1783 conetur
864 1743 947 1803 aegro
960 1729 1000 1789 adl

198 1803 384 1872 medicinam,
399 1800 590 1861 .⁸⁶nonsolum
597 1800 707 1860 morbus
714 1801 789 1875 ejtu,
806 1801 857 1859 cui
869 1804 1000 1865 mederit

197 1874 244 1937 sed
251 1880 334 1936 etiam
342 1877 510 1937 consuetudo
515 1877 776 1946 valenns‚&nmua
783 1880 915 1951 emporis
921 1898 1000 1959 cognt

197 1951 233 2009 da
245 1954 296 2011 est:
317 1952 355 2009 fic
370 1952 498 2028 equidem
515 1954 542 2001 ⁸⁷
552 1952 616 2010 cum
629 1950 772 2027 aggredior
789 1953 951 2031 ancipitem
965 1976 1000 2017 cat

198 2028 229 2083 ὃ(
234 2044 347 2101 gravem
354 2027 389 2085 ad
395 2028 503 2086 animos
511 2027 639 2103 judicum
652 2026 878 2104 peruastandos.
899 2036 1000 2093 omnin

197 2102 229 2161 in
248 2120 282 2159 ea
303 2103 468 2178 cogitatione
488 2121 604 2180 curaque
616 2102 728 2172 versor,
747 2112 780 2160 ut
792 2102 905 2166 odoret
918 2109 999 2187 quim

199 2176 303 2243 ciffime
315 2178 429 2254 pollim,
449 2179 513 2254 quid
524 2180 655 2243 feteant,
672 2178 738 2255 quid
751 2177 939 2253 existiment,
963 2190 1000 2264 qu

196 2248 337 2391 [ρὲᾶεῖἷᾶ
350 2254 521 2333 quidvelint,
540 2256 597 2334 quo
605 2255 705 2315 deduci
718 2255 847 2315 oratione
860 2258 997 2322 facillime

194 2346 223 2387 u
242 2347 293 2389 ean
337 2374 345 2389 .
723 2377 728 2386 -

215 2548 264 2611 Ι14.
281 2540 456 2668 facilitatemque
463 2544 617 2619 'figmficantiq
647 2544 684 2593 Sic
695 2544 745 2593 Pal.
756 2540 803 2617 sec.
817 2560 908 2613 neque
919 2550 1000 2627 abitu

192 2602 1000 2744 titillata-eaaldeae?leitilalntlldt:

194 2732 383 2841 ἔιὲυζμίχῐιαηάῐ.
416 2732 492 2782 Aldus
504 2736 588 2814 Nepos
605 2734 735 2799 publicavit
747 2766 755 2790 ,
771 2732 935 2821 faculamque
944 2742 1000 2807 figet]

226 2865 238 2904 Β
242 2874 262 2913 5.
281 2862 326 2906 ,Ad
336 2876 369 2906 eos
379 2872 448 2907 motus
458 2863 608 2920 adducantur]
623 2859 707 2909 Editio
716 2860 797 2925 plima
804 2862 837 2922 Ιδι
843 2864 1000 2926 Vistutim.

192 2934 275 2971 camur.
293 2920 349 2972 Mff.
361 2923 440 2972 nostti
449 2926 590 2980 deducantur,
606 2936 647 2973 aut
658 2926 766 2973 dedum.
784 2922 869 2977 idem.

226 2992 262 3033 86.
280 2989 404 3048 Noasolum
415 2988 498 3033 morbus
508 2990 566 3047 aius,
582 2991 618 3035 cui
628 2988 708 3035 mederi
716 2988 800 3047 νήθη]
832 2990 935 3043 Prioxes
952 3004 998 3043 tm

192 3045 281 3095 :estant
293 3048 465 3097 tantummodo
477 3051 503 3097 in
516 3052 564 3099 nal.
577 3064 612 3114 pr.
624 3047 1000 3107 insec.nith.&n1em.memtt

191 3118 255 3159 tuor.
279 3116 338 3160 Non
350 3112 453 3168 habent,
469 3113 584 3178 inquam,
599 3118 635 3162 cui
644 3116 724 3162 mederi
733 3115 798 3164 votet.
823 3116 853 3166 δι
866 3118 1000 3169 cuononi

192 3173 273 3222 aamfi
287 3173 371 3225 absmt.
388 3179 453 3226 Idem.
779 3182 781 3186 '

223 3244 261 3307 37.
279 3246 330 3286 Cum
337 3242 449 3303 ⁴aggredior
459 3243 572 3303 ancipitem
581 3240 713 3303 causam&
721 3256 815 3305 gravem
827 3246 863 3293 nd
872 3250 959 3295 auius
966 3246 1000 3299 &e

191 3298 292 3363 quidem
301 3302 360 3352 tall.
374 3301 522 3367 postetiores.
540 3300 580 3353 sed
589 3318 625 3369 pt.
637 3306 663 3355 δι
674 3300 719 3353 sec.
731 3304 795 3355 item
804 3304 859 3356 duo
873 3308 994 3369 Gallicani

189 3376 224 3433 ⁴5·
237 3366 361 3435 in'ancipin'
371 3366 434 3427 unfit
443 3366 469 3417 (α’
475 3371 544 3428 gravi
554 3369 583 3415 ad
593 3371 675 3415 animos
689 3369 735 3421 &n
765 3384 853 3437 mque
867 3370 1000 3441 displioebat

189 3422 295 3501 aetnae,
311 3430 377 3483 Mon.
394 3432 449 3483 tte:
458 3429 529 3486 uitet
537 3427 611 3487 tabu
621 3434 675 3491 MS·
686 3432 791 3503 oxonii,
806 3437 912 3506 Gema,
