2280 3922
275 95 462 162 Lissen
502 89 747 183 Pramus.
895 108 955 176 277

71 206 193 268 scientiae
205 204 395 271 vehementius
407 204 547 274 videauu,
560 204 644 282 quin,
658 202 735 280 quod
741 200 872 273 voluerit,
888 221 956 264 eon·

72 286 179 344 secutus
191 282 230 342 fit.
248 279 448 358 Quismusrcis,
467 279 863 358 quishuiclludiolitteralum,
877 282 955 415 guod
1018 350 1022 359 ¹

72 359 235 436 profiteatur
247 360 282 427 ii,
304 359 353 435 qui
363 359 535 434 grammatici
548 367 700 424 vocantur,
718 354 825 430 penitus
838 355 864 413 se
898 356 955 416 edi-

74 435 132 505 dit,
151 437 219 522 quin
230 452 346 493 omnem
359 433 465 493 illamm
478 434 577 493 artium
590 430 671 509 paene
683 431 817 490 infinitam
829 433 905 501 vim,
925 434 956 491 &
1055 438 1058 446 ’

75 520 235 579 materiam,
260 509 454 569 ‘afcientiaeco
476 510 587 570 'tatione
595 506 854 584 comprehenderit?

114 585 190 646 Veri
197 586 265 646 mihi
270 586 326 644 hoe
332 585 429 646 videor
436 527 489 645 cdl:
502 585 636 653 distentus,
655 601 690 642 ex
703 584 830 642 omnibus
842 585 889 654 iis,
908 585 957 662 qui
971 586 1002 630 11

74 662 211 723 inhatum
216 664 315 722 artium
321 660 412 721 studiis
417 661 600 721 liberaliffimis
612 659 679 728 sint,
698 658 881 736 doctrinisque
893 679 958 719 ver*

76 739 124 798 sati
131 739 277 798 minimam
292 739 402 813 copiam
415 743 561 813 poetarum
574 736 745 812 egregiomm
760 733 896 794 exstitiffe:
916 747 957 795 at·

76 825 133 890 que
141 816 169 873 in
175 815 248 874 hoci
267 814 296 872 so
303 831 421 872 numero
430 814 540 890 ,inquo
553 813 662 893 perraro
670 811 788 876 exorimr
800 811 895 888 aliquis
909 831 957 872 ex·

37 888 42 895 '
77 890 193 960 celeras,
212 832 632 965 fidigenterscexnostxorum
653 889 723 946 &ex
731 889 896 946 Graecorum
907 907 956 948 co-

76 966 122 1042 pia
137 982 297 1042 comparare
309 965 408 1035 voles,
435 965 524 1025 mttlto
541 978 637 1026 tamen
657 964 798 1039 pauciores
818 975 956 1049 oratores,
971 1021 974 1027 .

76 1040 164 1119 quim
172 1042 338 1119 po'e'taeborai
348 1042 521 1117 reperientur.
564 1042 566 1046 ’

117 1118 356 1193 Quodhocetiam
364 1117 508 1176 mirabilius
515 1117 596 1177 debet
604 1116 706 1186 uideri,
726 1117 791 1192 quia
805 1128 956 1177 ceteramm
972 1137 1006 1179 aa

78 1196 179 1253 artium
192 1194 276 1254 studia
284 1190 347 1268 ⁴fere
360 1193 505 1253 reconditis
523 1200 606 1271 atque
618 1193 712 1252 abditis
728 1192 743 1251 ὲ
758 1195 878 1253 fontibus
889 1195 957 1265 hau·
970 1201 995 1246 Ρ.
1004 1211 1112 1248 cxxxvi.

77 1272 198 1328 aluntur:
217 1267 327 1329 dicendi
338 1282 432 1331 autem
446 1269 858 1344 omnisratioinmedioposrta‚
878 1289 958 1328 com·
1027 1266 1033 1283 “
1053 1281 1057 1288 ’

79 1348 160 1411 muni
166 1345 289 1423 quodam
296 1344 396 1415 inusu,
407 1357 497 1423 'atque
507 1345 690 1404 inhominum
698 1363 777 1404 more
791 1347 957 1405 &sermone

79 1422 211 1489 versatur:
231 1420 697 1488 utinceterisidmaximdexcellat,
717 1421 794 1497 quod
806 1421 964 1498 longiffimd

73 1496 113 1556 >fit
126 1498 160 1556 ab
171 1498 363 1575 imperitomm
375 1497 566 1574 intelligentia,
585 1497 713 1573 sensuque
727 1497 899 1568 disjuntium.
925 1499 958 1557 In

83 1573 203 1634 dioendo
217 1585 312 1639 autem
325 1573 423 1631 vitium
436 1574 482 1632 uel
494 1575 648 1632 maximum
659 1571 717 1630 lest
731 1571 746 1630 a
759 1573 861 1649 varlgari
874 1593 958 1651 gene·
968 1575 987 1625 k
996 1574 1117 1635 serame,

81 1651 273 1720 scotationis,
293 1646 404 1726 atquel
426 1648 620 1709 consuetudine
639 1649 796 1709 communis
807 1651 893 1721 sertim
911 1651 960 1709 ab·¹

79 1723 202 1784 horrere.
795 1730 800 1747 “’
1044 1728 1047 1732 ’

89 1851 94 1858 .
122 1800 173 1860 IV.
192 1801 246 1861 Ac
267 1820 313 1860 us
332 1818 450 1861 iason
465 1798 822 1880 quidemveredicipotest,
844 1801 1008 1880 autplu-13¹

82 1894 124 1936 res
132 1879 227 1936 ceteris
241 1877 501 1947 lartibusinservire,
520 1890 567 1938 aut
580 1878 685 1940 ma'ore
697 1875 893 1948 delectatione,
913 1891 960 1938 aut
970 1877 1051 1948 lueriis
1065 1871 1120 1934 deest

81 1953 127 2028 spe
139 1953 287 2023 uberiore,
312 1964 360 2013 aut
372 1955 490 2029 praemiis
508 1953 543 2013 ad
561 1895 766 2030 perdiscendum
787 1956 961 2032 amplioribus
972 1938 1069 2018 mm

83 2031 268 2089 commoveri.
305 2029 400 2106 Atque
412 2041 443 2088 ut
455 2032 584 2107 omittam
604 2031 759 2100 Graeciam,
777 2049 841 2108 quae
854 2033 960 2108 semper

83 2103 278 2183 ineloquentiae
290 2107 415 2182 princeps
427 2103 479 2165 effe
486 2105 589 2175 voluit,
609 2117 691 2183 atque
703 2104 758 2165 illas
765 2109 893 2167 omnium
907 2109 959 2167 do-
969 2112 1121 2177 meroquea·¹

84 2179 230 2251 §lunarum
243 2182 405 2249 inventrices
419 2181 557 2251 Athenas,
581 2192 604 2229 ¹³
615 2182 746 2258 inquibus
753 2182 859 2242 summa
866 2185 961 2244 dicen·
970 2177 1007 2228 tir
1017 2179 1072 2226 Ma.

83 2255 111 2315 di
122 2257 163 2315 vis
177 2259 207 2316 &
219 2259 331 2325 inventa
344 2257 381 2315 est
387 2299 396 2332 2
416 2258 446 2315 ὅ(
452 2258 586 2333 perfeda:
607 2256 693 2316 inhac
700 2258 759 2334 -ipsa
773 2261 882 2318 civitate
896 2277 965 2335 pro-·

81 2331 159 2418 fedo
172 2333 244 2393 nula
250 2350 384 2411 tunquam
390 2332 594 2404 vehementis,
613 2330 963 2413 qaameloquentiaestudia

81 2425 111 2469 ur
149 2421 235 2469 erimt.
678 2462 688 2474 t

91 2538 94 2542 .
110 2425 198 2565 Βῑιᾶιιῃ
211 2483 404 2564 posteaquam,
423 2486 542 2562 imperio,
555 2484 682 2545 omnium
695 2487 819 2563 gentium
831 2489 961 2549 constitu-
974 2516 1009 2571 14
1115 2508 1122 2540 ι

82 2571 132 2630 to,
150 2562 308 2639 diutumitas
320 2562 490 2637 pacisotium
505 2561 693 2630 confirmavit,
713 2563 864 2625 nemofere
877 2565 963 2626 laudis

83 2636 198 2712 cupidus
209 2637 363 2697 adolescens
375 2636 488 2706 nonsibi
500 2637 535 2703 ad
549 2636 697 2713 dicendum
710 2637 797 2702 studio
812 2643 891 2699 omni
905 2644 965 2702 eni„
1052 2668 1059 2711 χ

82 2711 199 2771 tendum
212 2714 325 2789 putavit.
351 2713 396 2771 Ac
408 2711 499 2789 primo
513 2712 626 2789 quidem
643 2714 725 2777 totius
739 2716 848 2774 rationis
861 2718 870 2774 i
889 2720 964 2787 nati,

83 2789 237 2866 qui-neque
250 2789 448 2859 exercitationis
460 2788 544 2848 ullam
556 2791 648 2858 viam,
667 2807 757 2866 neque
770 2735 888 2868 aliquod
894 2811 965 2868 prae-

84 2874 199 2942 peptum
212 2866 274 2937 artis
279 2861 332 2925 effe
338 2860 542 2949 arbitraremur,
559 2876 685 2939 tantum,
705 2878 839 2944 quantum
850 2869 965 2945 ingenio

75 3083 95 3103 ,.
120 3057 130 3092 a
146 3101 150 3108 ¹
174 3047 270 3094 Scienaiae
281 3049 423 3109 cogitatione]
438 3049 498 3095 Non
510 3041 574 3094 secus
585 3046 643 3094 trias
658 3044 967 3103 Gallicanorum,necnon

86 3060 156 3157 rald'
159 3109 250 3172 priores
261 3108 317 3160 duo.
332 3108 447 3173 publicati
456 3111 548 3169 scissia
559 3102 731 3171 &lignianum
753 3109 834 3156 minas
850 3108 949 3159 nervose
956 3127 966 3168 3

85 3174 220 3234 cogitationis
232 3173 299 3223 enim
310 3171 430 3221 vocabulo
440 3168 587 3237 significatus
598 3171 730 3231 coactio&
743 3185 800 3227 com
816 3169 900 3229 sellio,
917 3188 967 3238 qua

87 3247 149 3298 opus
160 3233 193 3282 est
205 3234 231 3282 in
241 3247 294 3284 tam
305 3236 376 3284 variis
388 3232 456 3283 rebus
467 3235 586 3283 maneria
599 3231 794 3307 eomprehenden
814 3235 841 3284 's.
860 3240 925 3285 Grua.

122 3311 158 3352 ις.
173 3304 202 3359 ln
214 3299 292 3362 quibus
299 3300 386 3358 flemma
396 3299 478 3346 dicendi
489 3299 589 3356 visite]
606 3298 751 3346 Gulielmius
763 3297 862 3361 putabat
871 3303 909 3347 vis
920 3294 968 3347 elle

88 3357 222 3409 &librario
251 3361 287 3410 ita
299 3356 436 3421 Pettbnius,
449 3364 535 3423 flemma
546 3364 648 3409 carminis
660 3395 668 3418 ,
684 3357 725 3410 sed
739 3359 865 3410 siccamen
875 3357 969 3410 sursunt

87 3423 199 3521 loquitur
210 3422 290 3477 nostes
302 3423 365 3476 libro
380 3440 399 3481 a.
413 3423 667 3546 de⁰¹²3⁰13⁶⁶²9'⁵³‘
679 3421 843 3476 enecassem.
859 3427 997 3531 [wm-
