2280 3922
399 78 650 185 ²s'oricn.
908 124 963 203 761

81 208 164 287 <1112
183 224 412 285 Docuurun
428 223 512 282 etiam
526 232 688 299 argumenta
699 240 734 283 ex
746 221 880 294 iisrebus,
899 229 1009 302 quae11

78 300 294 376 quodammodo
301 298 476 359 affetiaesunt
482 298 570 369 adid,
584 298 621 359 de
645 318 684 359 uo
690 300 829 377 quaeritur.
847 298 901 359 Sed
907 304 965 361 hoc

74 388 161 453 genus
173 382 206 437 in
219 376 309 454 plures
320 386 409 452 partes
421 374 591 447 distributum
642 420 650 435 .
668 376 745 435 Nam
759 376 810 435 alia
817 377 964 453 conjugata

72 454 264 540 appellamru,
284 450 335 511 nra
348 469 507 586 exgenere,
526 453 577 512 alia
591 470 626 511 ex
639 452 798 522 hformula,
817 452 867 511 alia
882 471 917 513 ex
930 453 991 512 fi·h
1009 462 1093 513 formu

69 530 252 605 mulitudine,
273 528 325 587 alia
339 546 373 587 ex
415 524 554 598 fferentia,
573 526 625 587 alia
638 545 673 587 ex
692 528 846 599 contrario,
866 528 917 589 alia
929 548 965 590 ex
976 533 1053 580 tami.

73 605 233 681 adjunctis,
253 604 305 664 alia
312 622 346 663 ex
353 603 704 674 antecedentibus,'aliaex
719 604 800 666 conse
820 606 963 678 uentibus,

52 680 407 759 ‚aliaexrepugnanttbun
427 679 479 739 alia
492 698 526 739 ex
541 680 640 750 cautis,
658 681 788 740 aliaeue
812 681 891 752 coiit,
910 682 962 742 alia

75 757 494 835 excomparationemajorum
513 757 689 833 autparium,
708 770 754 816 aut
761 760 910 816 minorum.

85 884 88 888 .
116 831 428 911 Conjugatadicuntur,
448 850 512 909 quae
519 833 578 891 sunt
586 831 713 893 exverbis
719 835 824 909 generis
831 834 961 909 ejusdem.
976 849 1009 890 12

78 905 212 984 Eiusdem
226 921 321 969 autern
334 909 440 985 generis
453 909 536 967 verba
548 910 624 977 sunt,
642 926 707 985 quae
715 922 774 968 orta
780 911 813 967 ab
821 928 879 968 uno
887 912 962 973 varie

83 998 310 1055 commutantur,
329 996 360 1044 ut
371 984 489 1060 sapiens,
508 984 656 1061 sapienter,
674 986 809 1061 sapientia.
828 986 889 1045 haec
903 1005 965 1047 ver-

80 1057 181 1122 borum
195 1061 358 1139 conjugatio
376 1060 494 1137 σνζυγία
513 1060 625 1130 dicium,
645 1080 679 1120 ex
692 1080 746 1139 qua
759 1060 914 1137 hujusmodi
927 1065 965 1135 est

84 1150 296 1214 argumentum:
317 1136 963 1215 ²Sicompascuusngerest,jusestcompascere.

120 1216 265 1292 Agenere
278 1211 315 1271 fic
321 1211 443 1272 ducitur:
465 1212 610 1287 Quoniam
618 1227 760 1290 argentum
772 1232 858 1273 omne
867 1216 966 1276 mulie·
977 1221 1008 1282 13

88 1288 304 1369 rilegatumest,
323 1287 515 1365 nonpotestea
529 1292 661 1364 pecunia,
679 1308 744 1368 quae
756 1305 899 1350 numerata
913 1292 966 1353 do·
973 1284 1122 1336 uccrxn.

87 1366 229 1427 mireum
242 1366 297 1435 eii,
316 1383 375 1423 non
395 1362 447 1422 effe
466 1364 561 1441 legata.
600 1365 702 1426 Forma
715 1368 790 1426 enim
810 1367 826 1426 a
845 1384 964 1443 genere,

86 1442 497 1520 quoadsuumnomenretinet‚
515 1459 670 1519 numquam
681 1442 835 1519 sejungitur.
854 1445 963 1504 Nume-

86 1532 142 1655 rdata
154 1532 250 1601 autem
256 1518 375 1595 pecunia
381 1535 488 1577 nomen
494 1521 598 1594 argenti
610 1519 717 1579 retinet.
735 1519 822 1595 legata
837 1520 917 1596 igitur
921 1523 965 1593 ui-

119 1674 148 1733 A
161 1660 256 1733 r'or'ma
268 1670 390 1749 generis:
409 1687 494 1747 quarn
508 1671 662 1740 interdurn,
682 1670 755 1748 iquo
770 1669 874 1746 planius
893 1674 966 1734 acci·
978 1697 1012 1752 14

78 1747 549 1827 .piatur,·partemlicetnominare‚
567 1748 624 1807 hoc
631 1746 733 1806 modo:
759 1747 787 1806 Si
800 1749 837 1806 ita
853 1747 986 1810 ⁸Fabiaei
1011 1770 1055 1805 ms
1063 1757 1122 1823 seqq.

83 1826 204 1904 peuuoia
216 1824 349 1903 legataest
358 1822 460 1893 inito,
479 1822 500 1881 fi
514 1824 540 1883 ei
552 1825 614 1882 viro
628 1822 831 1883 materfamilias
844 1822 923 1884 effer:
942 1826 1033 1885 ΗΜ*
1044 1822 1099 1867 “³²“

84 1894 343 1963 caiumanumnon
357 1912 542 1970 convenerat,
560 1888 626 1959 smil
641 1899 760 1958 debetur.
780 1900 875 1958 Gentu
888 1902 964 1961 enirn
974 1885 1050 1932 Mb·

85 1978 122 2039 est
138 1996 236 2039 uxor:
256 1977 313 2054 ejus
324 1975 388 2035 duae
400 1978 516 2044 formam
536 1994 591 2053 una
606 1975 879 2045 matrumfamilias,
899 1983 992 2038 bea-k
1008 2003 1041 2036 ea
1059 1985 1111 2037 sun

84 2070 145 2117 rum
153 2098 164 2126 ,
171 2128 175 2132 Ι
182 2072 250 2133 quae
261 2055 297 2123 in⁵
306 2069 420 2112 manum
426 2064 617 2113 convenerunt
623 2074 632 2121 ;
653 2053 751 2122 altera,
771 2070 882 2122 earum,
920 2073 966 2113 uae
977 2054 1061 2101 urnas.

85 2130 536 2191 tantummodouxoreihabentur.
554 2129 726 2209 quainparte
741 2126 805 2188 cium
819 2131 902 2189 fuerit
938 2149 968 2190 a·

86 2206 144 2278 bia,
163 2205 511 2285 legarumeinouvidetur.

122 2285 153 2345 A
165 2281 359 2353 fimssitudine‚
376 2282 432 2360 hoc
440 2280 542 2359 ruodo:
563 2282 590 2341 Si
604 2281 677 2341 aedes
683 2299 724 2340 eae
731 2294 908 2353 corruerunt,
926 2284 968 2343 vi·
980 2294 1012 2352 15

87 2359 196 2421 tiumve
216 2360 364 2427 fecenunt,
383 2376 499 2436 quarum
519 2357 681 2417 ususfruttus
698 2357 800 2433 legatus
820 2361 872 2429 est,
891 2360 970 2419 heres

89 2437 225 2497 restituere
237 2453 299 2495 non
305 2433 402 2504 debet,
421 2451 473 2492 net
480 2433 606 2505 reficere,
624 2452 683 2505 non
697 2435 798 2510 magis,
817 2433 903 2510 quiin
916 2436 970 2494 ser-

88 2511 326 2665 ffieffimere,
345 2509 424 2580 fiii,
452 2512 528 2587 cujus
546 2509 708 2570 ususfiueus
719 2509 821 2586 legatus
836 2510 896 2581 est,
922 2511 971 2570 de-

125 2666 155 2725 A
167 2658 321 2725 differentia
334 2684 342 2723 ε
361 2664 431 2739 Non
445 2706 454 2732 ‚
473 2662 494 2721 fi
507 2663 588 2723 uxori
600 2662 642 2721 vir
653 2660 754 2738 legavit
776 2679 863 2721 omne
876 2679 973 2739 argen-
984 2670 1018 2730 16

87 2752 168 2813 mm,
187 2740 266 2819 quod
277 2743 356 2803 suum
370 2736 435 2799 effet
449 2762 458 2808 3
478 2739 599 2808 ideirco,
619 2756 683 2815 quae
697 2740 726 2797 in
739 2740 897 2797 nominibus
912 2741 974 2805 fue·

400 2844 403 2851 ·
894 2828 975 2888 runt,

120 2976 143 3017 7.
159 2962 190 3009 Su‘
199 2960 331 3023 compascuus
341 2974 390 3021 ager
400 2956 429 3018 esi
436 2960 484 3017 ,jus
496 2956 524 3017 est
534 2956 677 3019 compascua]
695 2953 860 3019 compascuus
868 2969 924 3019 aget
930 2958 974 3021 qui

92 3022 184 3073 ditatm
195 3057 204 3080 ,
217 3068 221 3075 .
232 3037 264 3071 ex
275 3020 371 3071 Thoria
388 3021 450 3085 legis
467 3033 534 3069 aneo
551 3018 614 3084 apud
630 3033 671 3067 me
682 3017 823 3083 ftagmento
836 3020 975 3085 intelligere
1018 3037 1021 3042 ·

92 3086 227 3152 poffmntts,
243 3086 331 3151 inquo
347 3085 383 3133 ita
396 3081 498 3133 inritum
515 3080 568 3130 est:
585 3087 636 3148 quei
647 3086 671 3130 iu
687 3099 762 3144 agrum
778 3085 922 3144 compascuum
936 3096 976 3147 pe-

91 3154 148 3199 aedn
157 3154 250 3211 majores
262 3167 303 3197 um
311 3151 360 3211 plus
370 3151 402 3197 X.
412 3149 495 3211 pascet,
507 3148 556 3197 δίε.
572 3146 646 3204 vrfim

121 3222 142 3264 Ι.
160 3216 232 3263 Fabiu
256 3215 331 3260 mnia
343 3215 410 3274 legata
421 3210 450 3270 est
460 3213 517 3267 mu]
550 3208 629 3257 Aliter
643 3205 722 3265 isthac
739 3208 911 3273 interpretatur
922 3213 976 3259 Ho-

94 3274 207 3327 tomanus
219 3225 289 3326 liat.
302 3270 401 3326 Obsetv.
413 3287 466 3337 cap.
475 3289 513 3332 24.
531 3275 597 3320 Gru.

119 3339 367 3400 9..Mutrumfamilius
379 3372 388 3396 ,
409 3354 483 3385 eurum
493 3352 538 3401 qua
549 3337 606 3394 m]
623 3333 778 3394 Pithoeanus,
789 3354 814 3383 ea
820 3337 977 3402 fiuntquaelou.

92 3404 173 3456 Μαι.
182 3408 225 3455 aas
236 3401 265 3465 est
276 3418 321 3470 quu
332 3402 379 3465 θα,
395 3414 421 3454 ut
433 3411 547 3468 appareat
559 3397 694 3452 dictionem
704 3417 780 3451 eurum
796 3396 844 3451 effe
859 3400 874 3450 ‘a
890 3392 978 3471 ςιοίῐατ

95 3470 164 3525 lum.
684 3522 687 3527 ,
968 3504 981 3519 .

161 3528 166 3537 '
522 3523 583 3579 ubb
601 3542 612 3588 5
881 3541 918 3576 ιο.
