2160 3900
347 39 359 71 a
365 39 399 85 5⁰
449 39 666 89 &autoretatem
687 39 722 70 uc
730 39 807 88 eujus
815 39 939 77 uttenul
948 38 1079 95 (optanta

411 90 477 150 ciam
493 101 588 147 contra
601 87 774 147 voluntatem
789 89 1016 154 Atheniensium
1028 96 1037 153 l

410 167 585 243 lutepatriae,
603 163 820 223 severiiastamen
828 168 878 225 idi
898 170 982 240 sum,
1002 190 1037 248 qu

412 241 777 320 pulareshominesdiceret,
796 259 858 319 pop
907 249 1068 306 reomnibus

412 321 565 379 videretur:
584 319 660 394 cujus
673 318 703 377 in
715 318 792 376 labris
811 331 925 380 veteres
947 325 1061 392 comici,

415 548 568 616 mentibus,
588 545 790 624 quiaudiffent,
809 547 888 624 quati
895 552 1012 612 aculeos
1024 570 1075 630 quo

415 637 465 686 ret.
485 625 604 683 Atlaunc
619 635 646 674 ⁷³
656 641 714 683 non
723 622 856 682 clamator
863 624 967 705 aliquis
982 628 1017 687 ad
1031 629 1080 687 cle

414 701 563 766 docuerat,
585 700 918 775 ⁷⁴sed,·utaccepimus,
939 704 1080 764 Clazome

436 796 511 846 oras,
529 778 571 834 tir
582 775 705 835 summus
717 776 747 835 in
760 776 949 839 maximarum
966 798 1059 841 rerum
1076 789 1080 834 Ι

439 857 462 914 'c
477 853 616 921 dottam,
635 852 765 921 consilio,
784 851 946 929 eloquentia
959 860 1063 917 excelle

418 928 911 1064 annositajraefuitAthenis&utbanis,
934 934 1075 996 eodemte

416 1007 475 1067 licis
487 1025 516 1065 re
535 1023 573 1064 us.

359 1088 411 1151 139
460 1082 538 1160 Quid
551 1082 667 1143 Critias?
686 1084 752 1163 quid
764 1083 944 1146 Alcibiades?
964 1090 1080 1150 ciuitati·

420 1180 479 1220 non
493 1160 575 1229 boni,
594 1161 639 1219 sed
653 1161 727 1222 certe
741 1161 832 1230 dotti,
850 1175 937 1240 atque
951 1168 1074 1245 eloquen

421 1238 525 1297 craticis
538 1248 614 1295 erant
626 1237 846 1314 disputationibus
859 1241 983 1301 eruditi?
1009 1246 1068 1321 Qui

423 1313 528 1373 cufium
536 1310 664 1372 dominis
671 1317 797 1375 omnibus
805 1317 963 1391 expolivit?
977 1323 1067 1380 nonP

423 1390 499 1448 idem
507 1388 832 1466 illenonlinguaesolum,
852 1393 1052 1457 verumetiam
1073 1440 1074 1446 κ

422 1468 456 1524 tis
464 1464 603 1542 magister,
623 1466 828 1527 adliberandam
835 1471 955 1544 patriam
964 1475 1078 1551 impulit

423 1543 518 1601 mavit.
537 1541 641 1600 Aliisne
655 1543 734 1619 igitur
747 1545 845 1603 artibus
857 1546 934 1605 hunc
949 1549 1052 1610 Dione

422 1619 479 1677 aliis
493 1618 620 1677 Isocrates
640 1620 810 1680 clarissimum
831 1622 925 1681 virum
940 1623 1080 1687 Timoth

423 1693 626 1773 praestantiffimi
634 1696 818 1771 imperatoris,
837 1697 945 1770 filium,
965 1703 1064 1764 summ

424 1785 544 1832 ratorem
559 1813 568 1840 ‚
586 1770 787 1850 hominemque
801 1773 995 1837 dottissimum
1012 1781 1025 1838 ἓ
1053 1800 1070 1841 a

425 1866 485 1910 teus
504 1849 547 1909 ilie
562 1846 640 1924 Lysis
653 1847 820 1909 Thebanum
840 1849 1050 1928 Epaminonda
