2280 3922
189 125 250 209 5&
502 116 756 188 Bnurne

189 223 675 293 etiamfiljumflenrcommendabrt3
696 225 999 302 cujusorbitas&fietus
1013 229 1067 287 mi*
1091 212 1102 265 ⁵·

191 303 224 363 re
237 305 386 367 miserabilis
396 300 447 359 fuit
459 312 570 375 propter
589 315 729 360 recentem
750 304 916 362 memoriam
930 304 1065 363 clarissimi
1093 342 1096 377 ;

192 385 290 458 patris:
308 374 408 457 isquese
421 386 483 433 tum
499 378 769 453 ²³eripuitflamma,
789 382 1066 455 propterpuerosmi-
1095 386 1102 423 ῑ

194 458 332 518 sericordie
344 451 437 528 populi
451 465 613 523 commota,
633 453 701 513 sicut
720 454 796 514 idem
816 455 944 530 scriptum
959 456 1067 532 reliquit
1094 460 1102 498 ἵ

197 534 274 592 Crto.
300 528 393 603 Atque
407 528 491 586 etiam
503 530 589 605 ipsum
605 531 746 589 Libonem
758 549 817 589 non
830 533 965 589 infantem
979 533 1064 590 video
1097 540 1100 547 '

151 627 185 687 91
196 608 282 673 fuisse,
300 614 372 662 uter
379 606 546 664 orationibus
553 607 610 682 ejus
623 606 734 683 intelligi
747 607 842 683 potest.
862 607 935 666 Cbm
948 608 1010 665 haec
1026 607 1066 666 di,
1099 618 1102 655 ³

193 680 309 765 xiffem„
321 679 350 737 δι
392 681 731 759 ulluminterquieviffem,
751 684 829 758 Quid
843 684 938 759 igitur,
958 684 1064 760 inquit,

191 754 332 825 eslcausae,
375 770 466 828 rutus,
486 756 997 828 sitantavirtusinoratoreGalbafuit,
1017 777 1066 818 cur

51 888 56 897 ,
152 824 156 839 ’
187 829 301 915 canule
309 833 338 890 in
346 833 728 969 orationibusejusupfareat?
748 836 826 912 quod
837 837 995 896 mirarinon
1003 835 1065 912 pos-

184 907 340 980 femineis,
380 911 606 971 uinihilomnino
623 911 880 988 criptireliquerunt.

176 1020 180 1031 ·
221 982 327 1044 XXIV.
383 1006 425 1046 nc
445 1007 542 1047 eurio
556 988 713 1056 esteadem,
732 988 762 1047 in
781 1000 864 1059 uam,
883 988 984 1058 Brute,
1000 1007 1065 1046 cau-

183 1059 209 1145 so
223 1062 435 1136 nonscribendi‚
455 1066 485 1123 &
497 1083 557 1124 non
569 1077 626 1123 tam
638 1065 709 1123 bene
720 1064 770 1123 scri
805 1064 868 1135 ndi,
887 1065 975 1142 quim
990 1064 1066 1123 dixe-

182 1148 245 1196 rrnt.
264 1139 850 1205 Namvidemusaliosoratoresinertianihil
861 1139 1007 1218 scripisse,
1027 1159 1063 1207 ne

183 1211 349 1281 domesticus
363 1219 445 1277 etiam
458 1216 536 1277 labor
548 1216 692 1287 accederet
704 1216 739 1276 ad
754 1218 898 1276 forensem.
924 1218 1063 1294 pleraeque

94 1335 96 1340 .
185 1291 745 1369 enimscribunturorationeshabitaejam,
763 1294 1026 1353 nonuthabeantur.

135 1378 174 1438 92
221 1367 301 1439 Alios
314 1388 373 1428 non
384 1370 506 1429 laborare
520 1413 528 1440 ,
547 1385 578 1428 ut
592 1370 719 1429 meliores
731 1369 798 1428 fiant
812 1391 819 1428 :
845 1370 918 1428 nulla
932 1373 1009 1428 enim
1024 1389 1064 1429 res

153 1458 156 1463 ·
183 1445 289 1504 tantirm
303 1446 337 1506 ad
350 1446 498 1506 dicendum
511 1445 641 1523 proficit,
661 1458 795 1522 quantum
809 1446 924 1522 scriptio.
951 1466 1064 1505 memo·

161 1528 164 1539 '
180 1522 251 1580 riam
258 1535 351 1582 autem
358 1524 387 1581 in
394 1523 531 1599 posterum
542 1522 688 1599 ingeniisui
695 1540 754 1581 non
767 1521 934 1591 desiderant,
956 1522 1021 1581 cinn
1036 1523 1062 1583 se

180 1610 278 1673 putant
291 1600 349 1658 satis
356 1617 486 1675 magnam
493 1599 606 1674 adeptos
613 1595 666 1657 esse
672 1598 782 1659 dicendi
788 1598 920 1674 gloriam,
940 1618 1060 1675 eamque

181 1674 267 1733 etiam
283 1677 417 1752 majorem
430 1676 517 1734 visiun
531 1675 580 1744 iri,
600 1674 620 1732 fi
640 1677 669 1733 in
689 1674 901 1733 existimantium
921 1676 1061 1735 arbitrium

127 1786 131 1794 ·
180 1750 227 1808 sua
234 1751 328 1828 scripta
342 1771 401 1811 non
412 1753 553 1811 venerint:
572 1750 655 1821 alios,
675 1738 752 1827 quod
766 1750 898 1809 ²rmeliirs
910 1763 1008 1827 putent
1022 1752 1062 1810 di÷

181 1843 244 1885 cere
257 1828 284 1885 se
297 1827 372 1911 poffe
386 1871 395 1897 ,
432 1829 499 1888 ulm
512 1827 624 1888 scribere
639 1848 646 1885 ι
673 1827 750 1904 quod
762 1828 955 1904 peringeniosis
967 1828 1061 1886 homi-

179 1904 274 2037 ῐέξΙιέε,
300 1923 391 1983 neque
409 1847 467 1966 dtis
487 1904 595 1977 doctis,
620 1903 783 1981 plerumque
803 1905 941 1980 contigit,
960 1917 992 1964 ut
1011 1904 1059 1981 ipss

252 1998 284 2037 ae.

135 2068 171 2127 93
220 2058 314 2130 Quem
323 2054 430 2115 fortasse
444 2059 484 2116 vis
496 2076 556 2116 non
570 2057 672 2133 ingenii
684 2056 787 2125 solbm,
807 2057 941 2116 sedetiam
956 2058 1059 2126 animi,

180 2132 211 2191 &
224 2132 467 2210 naturalisquidam
481 2133 562 2194 dolor
577 2145 603 2180 ²⁹
612 2132 750 2192 dicentem
756 2133 935 2203 incendebat,
955 2135 1057 2267 effigie-

1019 2221 1059 2267 al·

178 2315 260 2368 fecisse
271 2320 303 2369 fic
315 2323 341 2369 in
353 2327 456 2372 Oratore
468 2322 560 2375 scribit:
577 2325 716 2385 Moserotiorrr
727 2340 763 2371 nos
774 2326 808 2370 ira
817 2325 908 2370 dolenter
914 2328 949 2371 uti
955 2324 1056 2382 fidemus,

176 2395 315 2491 gtpurrum,
332 2388 437 2447 infantem
454 2392 477 2435 in
493 2391 590 2437 manibus
597 2401 717 2451 perorantes
733 2390 876 2443 tenuerimus,
892 2388 936 2438 doc.
966 2391 1056 2434 Corra-

195 2460 228 2495 ue.

208 2527 246 2566 23.
263 2516 353 2576 Eripuit
358 2517 475 2576 flammo]
506 2519 539 2563 Ut
550 2513 613 2579 apud
624 2514 741 2562 Pedum:
759 2511 881 2577 Vogindqoe
891 2515 948 2574 eripe
958 2513 1053 2571 ferrum.

174 2574 255 2627 Aliter
260 2579 367 2634 horma,
385 2576 452 2643 qued
463 2578 495 2627 esi
505 2577 668 2643 frequentius,
684 2589 710 2625 ut
721 2577 747 2624 in
759 2581 826 2625 Orat.
835 2591 878 2640 pro
890 2579 955 2624 Mur.
968 2575 1054 2624 eadem

175 2636 242 2685 dere
253 2642 357 2704 loquens
369 2639 444 2688 dixit:
462 2644 554 2688 Galbam
567 2644 640 2688 catoni
648 2643 737 2703 populus
748 2643 835 2702 eripuit.
853 2642 954 2686 Flamma
966 2639 1056 2703 igitur,

174 2699 201 2748 id
218 2701 251 2750 est
266 2704 362 2751 invidiae
375 2706 400 2753 δι
417 2704 476 2752 odio
510 2704 591 2768 epuli,
608 2718 658 2769 quo
675 2715 729 2751 tum
745 2700 825 2751 Galba
840 2700 1012 2766 premebatur,
1029 2714 1055 2750 ut

176 2763 230 2816 Lib.
239 2772 258 2815 1.
271 2772 308 2815 De
321 2773 388 2815 Orat.
401 2719 584 2816 demoudratur.
603 2769 668 2814 Idem.

208 2845 246 2888 24.
264 2834 344 2877 Melius
351 2844 423 2894 purcnr
435 2834 527 2888 dicere]
558 2833 591 2878 Ut
608 2828 762 2885 Hortensius,
802 2828 827 2876 ui
842 2829 929 2876 melius
946 2827 1056 2885 dicebat,

195 2891 252 2942 uim
263 2893 371 2958 scripsrt,
393 2907 418 2941 ut
431 2895 457 2941 in
470 2898 573 2943 Oratore
584 2895 672 2940 Cicero
688 2893 753 2939 testis
800 2929 806 2940 .
839 2891 926 2948 Idem,
948 2904 974 2939 ut
992 2908 1057 2941 nunc

202 2960 238 3005 ios
256 2958 368 3012 mitram,
390 2956 420 3005 de
432 2957 525 3005 Carolo
541 2957 625 3004 Ruino
641 2953 754 3028 Regienfi
767 2955 833 3019 JCto
850 2958 876 3004 δι
894 2955 925 3002 de
942 2953 1056 3018 Johanne

126 3058 127 3061 η
175 3021 282 3084 Baptista
301 3021 408 3085 Egnatio
426 3032 570 3085 praeceptore
588 3019 671 3067 nostro
682 3017 804 3078 iudicatur.
837 3015 997 3130 Qodffsm
1008 3034 1055 3067 noo

176 3083 303 3132 adfirmare
314 3080 448 3148 possumus,
466 3085 508 3146 qui
519 3096 648 3147 utrumque
660 3080 808 3138 audivimus,
825 3085 850 3131 δι
866 3083 913 3130 utri
940 3097 986 3146 que
998 3080 1054 3130 scri·

174 3158 218 3210 pta
229 3147 339 3210 legimus.
358 3145 403 3196 Sed
413 3146 458 3195 hac
469 3144 520 3211 ipsa
531 3146 561 3194 de
571 3161 597 3195 re
607 3145 711 3210 Quintil.
723 3144 776 3209 Lib.
784 3151 812 3194 X.
820 3161 841 3195 e.
852 3162 887 3195 12.
900 3146 969 3210 plura
975 3143 1055 3209 dispu-

173 3222 218 3259 tat.
237 3215 301 3260 Idem.

206 3290 243 3328 25.
261 3278 391 3330 Dicentem]
407 3277 535 3337 Agentem.
553 3277 622 3320 Tunc
632 3270 698 3320 enim
708 3286 745 3320 reo
755 3273 860 3330 majores
871 3271 947 3319 videri
964 3266 1052 3321 solent.

173 3337 238 3387 Hinc
249 3337 274 3383 in
287 3343 390 3385 Oratore
400 3335 432 3383 src
445 3335 474 3382 de
487 3334 510 3384 se
521 3334 598 3384 scribit
607 3337 708 3384 Cicero:
727 3343 786 3382 caret
797 3337 850 3382 siber
857 3336 938 3398 spiritu
946 3338 983 3380 illo
991 3349 1053 3396 ‚pro-

169 3413 218 3464 pter
228 3417 272 3463 quo
282 3404 365 3449 maiora
376 3401 446 3446 eadem
458 3401 511 3457 illa,
528 3417 595 3463 quum
604 3412 711 3462 aguntur,
726 3414 792 3462 quom
802 3415 870 3463 quum
881 3401 979 3460 leguntur
989 3401 1054 3445 vide·

172 3469 196 3518 ρι’
201 3464 275 3528 folior.
294 3468 325 3520 Er
337 3461 390 3514 Lib.
397 3467 416 3515 1.
428 3460 460 3512 ad
470 3464 545 3515 nrtie
563 3469 599 3514 Ex
609 3465 798 3518 meraritarum
805 3474 875 3527 pom
882 3461 981 3527 degustes.
993 3467 1053 3571 zm

983 3542 995 3571 t.
1018 3539 1061 3578 cro
