2280 3922
375 143 650 209 Onnrom
885 148 947 227 ης

95 252 176 326 Quin
182 267 238 325 ego
245 249 299 325 ipse
307 290 318 320 ‚
337 247 403 308 eum
410 247 506 313 scirem
520 248 559 323 ita
572 245 690 322 majores
703 240 813 305 laeuos
827 240 897 315 effe,
915 259 946 306 ut
958 237 1011 297 160

54 327 210 404 nusquam,
230 324 432 396 nisiinvocali,
451 323 794 401 adspirationeuterenttu,
813 320 945 408 lpquebar
971 363 976 373 -

54 400 110 473 tic,
131 415 163 462 ut
172 404 288 480 pulcros,
307 396 426 478 caragis,
440 399 794 478 ⁴⁸triumpos‚rartagim
805 397 945 459 diceremt

54 477 227 557 aliquanda,
246 477 947 563 idqueserit,convicioauriummumextortamihi

54 559 159 614 ueritas
174 555 254 626 esset,
273 557 353 616 usum
374 553 505 632 loquendi
524 553 630 630 populo
651 552 946 623 coneeffi,sc1ennam

58 633 132 689 mihi
148 632 288 692 reservavi.
308 633 424 691 Orcivios
434 644 546 701 tamen,
566 632 596 690 &
610 639 745 699 Matones,
763 639 873 698 Otones,
892 639 947 687 Ca·

54 708 157 781 pianes,
171 710 302 788 sepulcra,
321 728 440 779 coronas,
457 708 585 784 iacrymas
603 707 736 775 dicimus,
756 709 819 783 quia
834 725 883 782 per
894 725 944 766 au-

59 783 133 843 rium
143 786 281 862 judicium
302 786 405 862 semper
417 786 488 845 lieet.
528 793 679 843 ”rutrum
697 783 803 858 semper
821 782 943 855 Ennius,
1011 842 1026 852 ,,

60 874 218 938 numquam
231 862 374 939 Pyrrhum·
391 863 421 920 Vi
427 863 602 939 patefecerunt
612 868 739 934 PBruges:
751 878 811 944 nun
824 861 942 936 Phryges,
952 843 1027 954 ἰὼ
1043 847 1093 891 Em

57 932 465 1016 ipsiusantiquideclarantlibri.
484 956 537 997 nec
543 937 619 998 enim
627 937 757 995 Graecam
764 935 881 995 litteram
895 937 962 997 ad·⁶
975 940 991 955 ‘¹
1001 995 1030 1037 l„
1041 993 1066 1041 ἃ

54 1006 204 1073 hibebant:
223 1028 397 1075 nuneautem
406 1014 576 1074 etiamduas:
596 1015 626 1072 δι
638 1028 703 1071 cum
718 1011 864 1086 Phrygum,
885 1017 942 1073 a&
953 1004 1072 1103 qussvst,

54 1088 127 1148 cum
142 1091 282 1166 Phrygibus
296 1092 447 1151 dicendum
455 1088 536 1158 esset,
556 1089 698 1153 absurdum
706 1102 763 1147 erat
775 1102 822 1147 aut
833 1088 939 1151 tantum
951 1068 969 1118 q
1063 1091 1070 1104 '

54 1157 180 1226 Barbaria
187 1167 286 1229 cafibus
294 1170 424 1227 Graecam
432 1168 551 1225 litteram
565 1165 708 1233 adhibere,
728 1179 774 1224 aut
788 1165 864 1225 recto
879 1167 940 1225 casu

54 1238 145 1300 iorum
153 1243 350 1320 Graeceloqui‚
370 1255 466 1301 tamen
474 1243 503 1301 &
516 1241 819 1319 Phryges‚&1>prrbum
833 1243 940 1301 aurium

54 1319 135 1377 :ausa
143 1319 270 1380 dicimus.

94 1397 280 1468 Quinetiam,
300 1393 751 1470 quodjamsubnrticumvidetur,
771 1388 939 1455 olimautem
951 1392 1001 1462 161

54 1471 185 1539 nolimus,
205 1489 304 1528 eorum
311 1470 475 1540 verborum,
495 1488 615 1548 quorum
629 1469 737 1528 eaedem
751 1483 827 1528 erant
840 1473 941 1546 postre-

54 1545 304 1614 naeduaelitterae‚
323 1547 487 1625 quaesuntin
500 1562 632 1622 optumus,
651 1546 940 1620 postremamlitteram
991 1551 1047 1622 ῃ,

54 1621 251 1690 ietrahebant‚
269 1621 319 1680 nisi
331 1625 434 1695 vocalis
440 1623 634 1698 insequebatur.
654 1623 694 1679 Ita
708 1619 766 1757 nup
780 1635 836 1689 erat
849 1624 939 1683 offen·

54 1698 93 1831 io
101 1698 131 1755 in
140 1697 272 1767 verfibus,
291 1716 377 1776 quam
390 1717 464 1759 nunc
478 1701 585 1775 fugiunt
594 1703 691 1774 'poetae
705 1715 743 1757 no
763 1700 781 1759 i.
807 1698 849 1758 Ita
863 1702 938 1760 enim

62 1793 83 1832 0
110 1775 257 1834 uebamur:

86 1793 108 1852 q
132 1854 188 1925 Qi
198 1853 353 1924 estomnibu'
360 1855 483 1929 princeps.
500 1869 576 1921 non,
595 1851 711 1911 omnibus
718 1853 839 1929 princeps.
858 1853 901 1912 &t

131 1931 191 1985 Vita
203 1929 247 1984 isla
257 1928 354 2003 dignu’,
373 1930 479 2008 locoque.
496 1946 573 1998 non,
592 1927 690 2002 dignus.

54 2000 144 2078 Qubd
152 2004 170 2062 fi
178 2005 289 2065 indoeia
297 2005 467 2066 consuetudo
472 2016 531 2063 tam
543 2005 580 2063 est
593 2005 688 2063 artifex
701 2004 850 2075 suavitatis,
870 2004 938 2083 quid

54 2081 87 2137 ab
103 2080 156 2153 ipsa
169 2082 282 2140 tandem
295 2093 352 2141 arte
372 2083 405 2141 δι’
415 2081 832 2158 doetrinaposiulariputamusi·

95 2156 360 2228 Haecdixibrevitu‚
380 2156 630 2235 quamfihacdere
643 2177 698 2219 una
709 2156 880 2232 disputarem.
900 2159 998 2223 est162'

54 2232 131 2289 enim
144 2234 189 2292 hic
202 2232 344 2293 locustae
357 2248 473 2311 patens,
493 2233 529 2293 de
548 2247 644 2294 natura
664 2234 766 2310 usuque
779 2236 935 2296 verborum.

54 2307 162 2381 tongins
170 2323 280 2380 autem,
299 2309 383 2387 quim
390 2311 507 2370 instituta
514 2310 746 2388 ratiopostulabat.

93 2385 198 2444 XLIX.
218 2386 288 2445 Suu
308 2407 400 2464 auin
420 2404 535 2456 rerum,
561 2388 765 2464 verborumque
780 2387 934 2463 judicium,

54 2461 207 2534 prudentiae
215 2463 265 2523 est:
286 2474 510 2533 vocumautem‚
529 2464 559 2521 ὃ(
571 2481 769 2533 numerorum,
789 2482 864 2522 aures
877 2465 936 2522 sunt

54 2537 172 2608 judiees:
194 2541 240 2609 &‚
261 2537 356 2616 rqued
368 2539 412 2599 illa
426 2539 460 2598 ad
473 2539 679 2616 intelligentiam
686 2541 855 2610 referuntur,
874 2541 958 2599 haecr
974 2546 1093 2610 quoniam

54 2610 90 2670 ad
104 2614 291 2692 voluptatem:
312 2617 341 2673 in
353 2616 402 2676 illis
416 2617 485 2674 ratio
498 2617 604 2674 invenit
618 2659 627 2686 ‚
646 2618 676 2674 in
686 2617 728 2674 his
741 2618 827 2675 sensus
840 2630 935 2676 artem.
948 2612 1023 2659 Lami.

54 2700 101 2745 aut
109 2693 185 2749 enim
193 2691 354 2770 negligenda
361 2693 496 2752 nobisfuit
503 2691 750 2780 voluptaseorum,
769 2694 864 2770 quibus
871 2713 935 2770 pro-

54 2763 109 2821 bari
118 2766 292 2838 volebamuS,
312 2768 826 2846 autarsejusconcihandaereperienda.

88 2841 167 2898 Duae
174 2842 233 2901 sunt
239 2844 319 2920 igitur
331 2862 390 2916 ree,
409 2863 474 2923 quae
486 2846 674 2921 permulceant
686 2863 777 2914 aures,
791 2847 884 2921 sonus,
904 2848 934 2904 &
946 2852 999 2927 163·

54 2934 185 2975 numerus.
201 2916 249 2978 De
256 2938 466 2991 numeromox,
486 2938 560 2980 nunc
568 2921 677 2981 desorto
689 2923 845 2997 quaerimus.
864 2924 937 2981 Ver·

54 2991 85 3051 ba
99 2993 143 3069 (ut
149 2993 226 3070 supri
235 2995 363 3073 diximus)
376 2996 491 3074 legenda
497 2998 558 3057 sunt
570 2997 739 3073 potissimum
755 2998 825 3057 bene
838 2999 936 3058 sonan-

54 3070 103 3140 tia,
124 3069 171 3129 sed
179 3089 212 3129 ea
225 3089 284 3131 non
296 3084 327 3133 ut
339 3079 450 3150 poe’tae,
468 3072 600 3151 exquisita
612 3072 769 3143 adsonem,
788 3075 833 3135 sed
847 3076 935 3134 sumta

79 3247 120 3299 4⁸.
138 3235 265 3304 Triuiam,
282 3245 441 3306 cartaginem
456 3248 572 3307 Triumpur
582 3246 608 3293 δι
620 3251 707 3310 sartago
718 3243 769 3294 sine
784 3243 936 3309 aspirationis

54 3316 113 3350 nota
125 3303 151 3351 in
163 3304 282 3354 veteribus
293 3306 368 3354 etiam
379 3308 546 3355 monumentis
557 3323 582 3356 re
599 3308 679 3358 eritnn
707 3313 780 3370 vrfin.
898 3355 901 3362 .

79 3382 119 3426 49.
138 3373 232 3423 Burrum
239 3371 320 3431 semper
331 3374 415 3418 Ennius
427 3373 484 3430 tin]
506 3371 544 3420 Sic
554 3323 632 3420 voiuit
644 3369 712 3421 scribi
723 3377 803 3421 Petrus
815 3373 941 3423 Visiotius
959 3422 963 3433 ,

54 3430 113 3478 ibro
127 3435 189 3480 xiv.
204 3436 258 3482 var.
272 3433 328 3481 lest.
341 3447 392 3498 cap.
402 3451 424 3490 ς.
436 3449 516 3500 neque
526 3436 596 3484 aliter
606 3436 696 3501 legitur
706 3437 732 3483 in
744 3437 793 3486 Pal.
800 3452 835 3502 pr.
843 3436 947 3497 aurfte(-

54 3508 100 3544 ton
111 3500 222 3554 rmum,
238 3508 264 3549 ut
275 3497 361 3562 tulum
376 3500 443 3553 eret.
461 3498 516 3559 Vis.
528 3500 604 3552 utam
613 3500 806 3565 Quintrt.1.ib.i
819 3517 839 3550 c.
848 3520 871 3560 4
946 3516 949 3521 ·

341 3605 346 3617 ,
830 3580 867 3620 50·
