2280 3922
204 206 264 315 7⁶3
456 233 837 302 AoTuunar.

192 336 501 412 jvideremusgveniret
522 340 650 410 Mucius,
669 339 733 416 qui,
754 336 822 415 quia
842 335 1073 413 conjugatarum
1115 360 1121 393 t

200 411 400 491 essentpluvla,
420 417 449 474 ὃ(
455 415 595 492 pluendo,
614 416 732 486 diceret,
753 432 872 475 omnem
887 432 990 492 aquam
1002 430 1074 490 opor·
1112 430 1121 470 t

198 499 259 548 tere
267 494 368 559 arceri,
387 509 451 568 quae
458 492 579 567 pluendo
586 492 718 552 crevisset.
1110 506 1121 547 '-

153 587 189 648 39
240 566 887 646 Ctlmautemigenereducemrargumentum,
907 585 970 626 non
983 566 1075 625 eritne·
1115 569 1121 625 l

200 641 657 728 cesseidusquedcapitearceslere.
670 643 1074 723 saepe'etiameitrilicet,dum·
1106 641 1121 700 'u

199 719 289 777 modo
296 719 372 795 supra
380 719 630 796 fitquodsumitur,
651 721 738 798 quim
751 721 797 790 id,
817 721 852 780 ad
867 720 947 799 quod
960 719 1073 778 sunum:
1103 728 1121 775 a

199 806 232 852 ut
238 812 307 871 aqua
315 795 407 870 pluuia
419 797 519 855 ultimo
526 815 626 873 genere
639 815 671 856 ea
685 798 740 867 est,
759 814 823 875 quae
838 796 875 855 de
889 795 964 854 caelo
976 795 1074 853 venient
1100 808 1121 850 :a

199 871 394 930 crescitimbri:
413 872 458 932 sed
473 874 602 950 propiore
614 874 695 943 loco,
716 875 745 931 in
759 891 818 950 quo
826 873 910 950 ¹quali
921 873 968 960 jus
979 868 1073 930 arcendi
1099 883 1121 925 t:

198 947 373 1027 continetur,
392 965 477 1024 genus
491 948 544 1018 est,
565 967 634 1025 aqua
646 950 738 1025 pluvia
752 966 881 1007 nocens:
904 965 964 1024 ejus
983 946 1072 1024 generis

198 1023 319 1093 formae,
337 1024 393 1082 loci
400 1025 485 1095 vitio,
506 1027 629 1084 &manu
641 1042 761 1085 nocens:
780 1042 902 1102 quarum
917 1025 1000 1083 altera
1007 1022 1071 1099 jube·
1103 1038 1121 1063 ¹

197 1099 536 1160 mrabarbitroco'e'rceriz
556 1102 825 1178 alteranonjubetur.
1105 1108 1119 1152 ’τ

154 1178 201 1242 40'
240 1174 403 1234 Commode
410 1178 500 1234 «etiam
513 1177 642 1236 tractatur
653 1178 715 1236 haec
729 1177 955 1254 argumentatio,
973 1188 1070 1252 qnae-er

200 1264 302 1326 genere
309 1252 438 1322 sumitur,
458 1252 522 1311 cium
531 1271 565 1311 ex
577 1264 641 1312 toto
654 1254 812 1330 persequare
825 1266 934 1328 partes,
954 1253 1009 1309 hoc
1022 1267 1071 1309 mo
1098 1306 1103 1325 2
1118 1288 1121 1293 -

201 1327 256 1386 do:
278 1328 305 1385 Si
312 1327 484 1401 dolusmalus
492 1328 544 1400 est,
565 1329 818 1406 cumaliudagitur‚
838 1329 916 1387 aliud
930 1328 1072 1392 simulamur
1090 1320 1121 1373 4

201 1404 447 1472 enumerarelicet‚
466 1405 763 1482 quibusidmodisfiat:
783 1405 886 1464 deinde
893 1407 925 1462 in
932 1402 1071 1462 eorumali·
1119 1440 1121 1447 ·

199 1495 285 1555 quem
293 1479 337 1547 id,
356 1480 816 1558 quodarguasdotomatofattum,
835 1480 994 1540 includere:
1008 1475 1070 1558 quod

199 1557 885 1634 genusargumentiinprimisfirmumviderisolet.·

63 1636 65 1641 ’
155 1647 188 1703 41
239 1631 278 1711 X..
294 1632 685 1711 Sr'urrtrunosequitur,
704 1631 944 1711 quaelatdpaten
966 1631 1072 1692 sedon·

201 1708 513 1786 toribus&philosophis
520 1713 620 1787 magis,
641 1709 727 1787 quint
734 1709 820 1768 vobis.
838 1707 898 1767 Etsi
906 1711 1076 1769 enimomnes

199 1785 257 1843 loci
269 1785 464 1844 suntomnium
472 1786 683 1863 disputationum
692 1786 727 1845 ad
739 1797 903 1861 argumenta
916 1784 1080 1861 suppeditari·
1098 1792 1101 1799 '

201 1860 253 1931 da,
271 1873 368 1920 tamen
374 1861 430 1919 aliis
437 1862 658 1938 disputationibus
664 1860 841 1922 abundantius
849 1872 1018 1929 occurrunt,
1030 1858 1080 1918 aliis

201 1936 343 2014 angustius.
362 1938 766 2015 ltaquegeneratibinotasmt:
786 1936 1081 2004 ubiautemhisutare‚

201 2014 671 2090 quaellionesipsaeteadmonebunt.
817 2030 823 2042 ·

154 2109 191 2165 42
240 2091 308 2148 Sunt
322 2092 397 2148 enim
411 2091 613 2160 similitudines,
633 2109 697 2168 quae
712 2089 876 2167 expluribus
897 2087 1082 2149 collationibus
1117 2128 1121 2150 .¹

203 2166 367 2241 perveniunt
374 2168 432 2245 qud
440 2167 553 2237 volunt,
573 2167 742 2226 hocmodo:
762 2165 968 2225 Situtoriidem
982 2163 1083 2242 praesta·
1119 2216 1121 2221 .

204 2240 345 2311 redebet,
365 2242 499 2312 sisocius,
518 2243 553 2312 fi,
574 2246 618 2302 cui
633 2242 783 2311 mandatis,
803 2242 884 2319 fiqui
898 2241 1029 2301 fiduciam
1041 2256 1082 2298 ac·
1111 2296 1121 2308 ,

203 2319 320 2392 ceperit:
335 2318 417 2378 debet
430 2321 513 2378 etiam
528 2331 696 2396 procurator.
722 2319 796 2376 Haec
811 2336 846 2376 ex
860 2317 983 2393 pluribus
994 2332 1081 2393 perte
1102 2318 1109 2383 ἶ

46 2420 62 2454 v
80 2403 192 2469 laayuyl
203 2394 728 2471 niensquovult‚appellaturinduciio:
748 2412 812 2470 quae
830 2393 970 2452 ²⁵Graece
983 2410 1080 2463 vuapa-

46 2471 123 2520 tamt.
202 2470 281 2537 onya*
294 2470 468 2539 nominatum
489 2490 544 2550 qua
556 2471 705 2549 plurimum
713 2471 750 2529 esi
757 2469 817 2528 usus
823 2470 852 2527 in
858 2469 1083 2529 sermonibusSo‘
1100 2492 1121 2527 a

204 2558 298 2604 crates.
1107 2558 1121 2573 ·

159 2639 193 2698 43
242 2624 369 2681 Alterum
384 2622 563 2683 similitudinis
580 2641 666 2699 genus
686 2621 832 2681 collatione
853 2620 998 2691 sumitur,
1024 2620 1080 2679 cultu
1107 2622 1121 2657 ¹

204 2715 259 2756 una
271 2701 381 2766 iesum,
401 2717 449 2776 par
461 2701 518 2775 pari
532 2710 723 2775 comparatur}
742 2697 799 2756 hoc
814 2697 919 2756 modo:
943 2695 1082 2772 Quemad·
1107 2690 1121 2775 ξ

204 2774 321 2835 modum
337 2774 398 2833 siin
412 2774 477 2833 urbe
491 2775 525 2834 de
539 2775 635 2834 finibus
648 2773 832 2833 controversia
845 2772 882 2830 est
897 2815 907 2841 ‚
936 2776 1002 2850 quia
1022 2772 1080 2831 fines
1093 2776 1099 2789 ‘
1113 2836 1121 2843 ,

203 2854 289 2929 magis
296 2869 425 2928 agrorum
438 2851 565 2911 videntur
578 2847 647 2921 elle,
666 2848 753 2929 qu‘am
766 2850 855 2934 urbis,
875 2847 976 2909 firiibus
990 2864 1087 2983 regnari}
1112 2874 1121 2905 r

236 3085 274 3127 25.
292 3067 363 3117 Gracc*
375 3067 506 3131 παραγωγὴ
516 3071 659 3126 nominatum]
676 3070 737 3116 Sane
747 3064 791 3130 fit,
802 3077 829 3114 ut
840 3063 930 3115 talibus
941 3063 1106 3123 induamur.

205 3125 250 3180 bus
263 3136 338 3181 etiam
349 3129 472 3181 seducatur
485 3131 592 3197 aliquis,
613 3130 662 3179 hoc
678 3133 712 3179 est
729 3132 756 3179 in
772 3144 877 3179 errorem
893 3127 1043 3177 inducatur:
1064 3138 1090 3175 ut

207 3196 349 3262 exemplum
365 3195 443 3258 posuit
460 3196 600 3266 perelegans
618 3195 707 3244 cicero
723 3192 826 3242 Rhetor.
839 3198 858 3241 1.
881 3191 1012 3254 intimuit
1027 3190 1092 3239 certe

208 3257 288 3308 Graeci
299 3259 387 3309 dixere.
417 3264 447 3307 Et
458 3259 510 3306 neti
520 3257 613 3331 potest,
629 3269 655 3305 ut
667 3257 698 3306 de
709 3258 830 3305 Boetiana
844 3255 1013 3318 explicatione
1023 3267 1091 3302 meu·

208 3315 269 3369 dum
279 3325 306 3371 in
316 3334 410 3371 textum
421 3320 545 3385 irrepserit.
569 3325 636 3369 Nam
647 3321 683 3370 ita
693 3321 736 3367 ille
749 3335 756 3366 t
775 3323 849 3369 omnis
859 3336 910 3365 vero
916 3318 1042 3376 stmilitudo
1053 3320 1093 3366 da·

204 3381 258 3438 pleat
269 3387 309 3444 est3
327 3401 365 3434 aut
381 3389 438 3433 enim
453 3403 479 3431 ex
491 3387 589 3448 pluribus
608 3385 668 3432 relus
677 3384 799 3442 similitudo
816 3385 941 3444 colligitur,
958 3382 986 3431 (r
1000 3382 1093 3427 inductio

94 3446 98 3451 ¹
158 3486 166 3491 .
206 3457 356 3509 nuncupatur,
367 3453 423 3512 quod
433 3452 503 3496 Grati
510 3462 625 3511 paragogen
636 3450 759 3502 nominant,
771 3449 815 3498 &a
848 3449 903 3508 Ego
916 3456 976 3490 veto
989 3439 1094 3506 suspicol

78 3470 176 3696 .
199 3501 334 3629 ἐίδιπίιὲιη
345 3509 484 3578 scripturam
495 3506 642 3571 confudisse,
659 3524 735 3577 quum
745 3507 802 3560 esset
812 3509 840 3563 itt
852 3505 987 3570 archetypo
994 3520 1034 3570 per
1045 3518 1093 3570 qa·
1118 3570 1121 3579 Ι

218 3587 276 3633 egen.
320 3588 392 3627 amer.
965 3638 1007 3682 ²6.
1027 3631 1093 3680 M.-
