2280 3922
238 109 427 206 Lrnnn
468 59 713 177 ruricus.
858 124 918 190 293

29 214 184 287 honinem
199 216 233 278 ab
248 235 315 296 agro
335 216 564 287 renonffinum,
583 214 754 276 Nicandrum
774 210 919 289 eotopno

15 292 135 364 nium,
173 297 264 354 oetica
278 295 398 372 quadam
412 294 541 353 facultate
555 337 564 363 ,
591 310 650 352 non
663 291 774 360 rustica,
793 283 920 377 scriptiffe

24 313 181 443 praeclard:
201 371 269 453 quid
276 372 328 451 est,
347 367 721 430 curnonoratorderebusiis
735 366 919 443 eloquentissi-

25 442 182 517 medicat,
201 448 307 525 quasad
313 458 415 506 certam
422 446 546 521 causam,
563 444 724 522 tempusque
731 440 878 519 cognorit?

73 519 123 583 Est
135 523 211 582 eninr
226 523 356 589 finitimus
375 524 477 582 oratori
496 527 603 605 po'e'ta,
626 519 747 590 numeris
767 519 916 578 adstrictior
930 540 967 597 φρ

24 596 137 673 paulo,
155 600 304 659 verborum
315 610 409 658 autem
421 599 530 657 licentia
541 598 665 671 liberior,
685 595 775 656 multis
787 594 857 654 vero
870 613 916 654 or·

23 673 268 750 nandigeneribus
278 676 381 744 socius,
401 672 587 761 acpaenepar:
609 675 638 732 in
651 673 707 732 hoc
714 672 826 750 quidem
841 670 916 730 certe
957 682 1057 751 uxot.

25 748 124 824 prope
130 751 222 821 idem,
241 752 319 820 nullis
330 762 362 810 ut
374 752 496 825 terminis
510 749 724 817 circumscribat,
743 761 791 806 aut
804 747 915 807 definiat

15 823 179 901 jussuum,
216 847 255 886 uo
262 828 352 886 minus
359 828 385 887 ei
390 826 469 886 liceat
482 826 581 886 eadem
594 826 637 884 illa
643 824 776 895 tftetdtate
790 824 820 882 &
834 824 914 900 copia

15 902 143 975 ¹uagari,
163 846 217 979 qud
231 904 305 962 velit.

26 1018 29 1023 -
66 978 162 1037 lNanr
183 998 217 1037 ue
230 979 296 1038 iilud
309 997 393 1057 quare
407 1021 416 1049 ,
436 976 578 1046 Scaevola,
596 976 696 1053 negasti
710 987 738 1035 te
752 974 829 1035 fuisse
843 976 911 1034 latu-
927 997 960 1055 71

23 1070 115 1123 mm,
133 997 479 1132 nidinmeoregnoe'ffcs,
498 1053 610 1129 quodin
618 1055 695 1112 omni
702 1071 801 1129 genere
808 1053 934 1111 senno-1
964 1065 1031 1110 Nam

19 1129 91 1199 tria,
105 1132 135 1189 in
143 1130 483 1207 omnipartehumanitatis
490 1129 605 1189 dixerim
613 1142 750 1188 oratorem
757 1128 909 1204 perfectum
926 1124 993 1187 quod
1002 1123 1073 1183 iliud,

25 1203 87 1264 effe
102 1205 221 1266 debere?
241 1203 403 1286 Numquam
418 1205 574 1264 mehercule
580 1206 636 1264 hoc
642 1205 779 1278 dicerem,
798 1203 909 1282 fieum,
924 1193 1039 1299 ᾖξεν·

22 1281 221 1361 quemfingo,
241 1283 373 1358 meipsum
381 1279 586 1341 effearbitrarer.
972 1286 999 1301 ““

70 1358 180 1427 Sed‚ut
185 1359 287 1418 solebat
295 1360 327 1418 C.
335 1358 455 1417 Lucilius
461 1358 532 1432 saepe
539 1358 646 1428 dicere,
659 1358 804 1417 homotibi
811 1357 909 1416 subira-
924 1368 959 1426 72

18 1444 92 1503 tus,
112 1435 181 1513 milri
192 1447 303 1522 propter
316 1453 379 1494 eant
391 1434 476 1511 ipsam
489 1433 596 1492 causam
610 1433 714 1502 minus,
732 1433 818 1510 quarn
830 1434 909 1492 vole-
967 1482 968 1489 ,

19 1510 94 1579 bat,
114 1510 266 1581 familiaris,
284 1510 330 1570 sed
343 1523 437 1571 tamen
451 1511 481 1567 ὅτ
495 1508 592 1568 clodus
611 1510 641 1567 δε
660 1511 844 1585 perurbanus:
871 1509 909 1568 fic

17 1584 136 1656 sentio,
155 1589 298 1646 neminem
306 1585 541 1657 effeinoratorunr
549 1603 665 1643 numero
671 1585 846 1655 habendum,
860 1589 908 1663 qui

18 1660 91 1720 non
102 1661 134 1721 stt
141 1664 306 1722 omnibusiis
313 1663 427 1739 artibus,
446 1661 574 1738 quaesunt
587 1661 672 1719 libero
682 1662 788 1738 dignae,
809 1680 909 1738 perpo-¹

15 1736 106 1797 litun
127 1739 224 1816 quibus
236 1737 314 1814 ipsis,
333 1737 395 1797 stin
408 1736 527 1795 dicendo
538 1752 597 1795 non
609 1738 711 1796 utimur
726 1778 734 1808 ,
753 1750 846 1798 tamen
861 1757 876 1797 a
896 1772 910 1783 -

23 1826 126 1901 paret,
146 1812 338 1900 atqueexstat,
355 1824 448 1883 utrum
468 1812 549 1874 sunus
569 1830 662 1875 earum
676 1814 772 1884 rudes,
790 1834 827 1875 an
841 1757 910 1873 did·

22 1907 159 1949 cerintus.
220 1926 223 1931 ·

68 1967 127 2035 Ut,
147 1967 193 2044 qui
207 1965 259 2043 pila
272 1965 384 2035 ludunt,
403 1982 461 2024 non
475 1976 587 2028 utuntur
599 1967 628 2026 in
642 1967 695 2043 ipsa
707 1966 812 2026 lusione
825 1966 907 2027 artifi-
921 1967 935 2041 7
940 1987 956 2053 3

20 2042 75 2100 cio
88 2043 201 2118 proprio
213 2040 357 2119 palaestra,
376 2041 422 2117 [td
434 2041 535 2101 indicat
548 2042 601 2117 ipse
621 2054 729 2113 motus,
751 2044 907 2103 didicerint-

17 2135 63 2175 ne
79 2117 244 2193 paiaestram,
263 2135 299 2177 an
317 2116 457 2188 nesciant:
478 2119 574 2195 &qui
595 2117 696 2195 aliquid
716 2119 837 2196 fingunt,
859 2120 906 2180 etfi

18 2204 89 2251 turn
103 2194 206 2269 pistura
220 2194 288 2253 nihil
300 2207 428 2264 utuntur,
446 2200 557 2263 tamen,
575 2194 666 2252 utrum
679 2195 762 2253 sciant
776 2198 905 2273 pingere,

17 2286 62 2327 an
77 2269 214 2339 nesciant,
233 2288 293 2329 non
312 2271 456 2331 obscurum
475 2269 535 2328 est:
555 2269 591 2329 ssc
610 2272 640 2329 in
654 2272 820 2330 orationibus
832 2273 906 2331 hisce

15 2343 87 2421 ipsis
95 2346 264 2422 judiciorum
280 2388 289 2416 ,
315 2349 502 2424 concionum,
521 2346 625 2405 senatus
640 2389 649 2416 ,
667 2347 771 2406 etiamst
785 2351 904 2424 propriae

19 2433 129 2481 ceterae
149 2441 207 2481 non
226 2422 402 2482 adhibeantur
422 2433 513 2491 artes,
531 2434 627 2480 tamen
645 2421 723 2481 facile
738 2423 904 2493 declaratur,

20 2495 121 2567 utrdnr
134 2500 173 2566 is,
192 2499 240 2576 qui
247 2499 336 2568 dicat,
355 2497 551 2558 tantummodo
559 2499 587 2555 in
594 2498 650 2556 hoc
664 2498 859 2558 declamatorio
873 2499 905 2558 fit

20 2574 113 2649 opere
128 2574 253 2644 'affatim
273 2593 308 2634 an
322 2574 519 2635 addicendum
532 2573 658 2652 omnibus
670 2576 794 2653 ingenuis
807 2575 906 2642 artibus

20 2592 169 2709 instrudus
183 2649 327 2710 accesserit.

63 2727 158 2784 XVII.
176 2727 263 2785 Tun
283 2746 430 2786 nrunus
452 2725 591 2795 Scaevola,
611 2727 679 2785 Non
691 2727 836 2799 ludiabor,
862 2729 904 2787 in-
919 2743 954 2803 74

18 2803 104 2879 quit,
121 2814 232 2872 tecum,
253 2802 359 2873 Craffe‚
377 2803 499 2878 amplius.
517 2803 546 2861 id
553 2804 629 2860 enim
637 2804 722 2878 ipsum
735 2804 828 2880 ,quod
836 2805 904 2863 c'on·
946 2809 949 2813 ’

18 2892 66 2937 tra
81 2895 129 2936 me
142 2878 247 2938 locutus
260 2899 306 2949 es,
327 2879 440 2938 artificio
454 2877 577 2955 quodam
592 2896 620 2937 es
634 2879 810 2949 consecutur,
829 2882 906 2939 ut&

22 2954 96 3033 nnihi
105 2974 116 3021 ,·
135 2971 198 3032 quae
206 2972 258 3030 ego
271 2956 371 3015 vellem
385 2973 442 3014 non
456 2953 510 3013 effe
524 2955 653 3024 oratoria,
673 2956 853 3015 concederes:
873 2959 904 3015 &

20 3049 58 3088 ea
67 3030 120 3105 ipsa
133 3030 224 3088 nescio
237 3031 383 3108 quomodo
396 3030 480 3102 rursus
495 3031 685 3108 detorqueres,
705 3044 788 3112 atque
802 3035 905 3099 oratori

20 3106 134 3191 propria
147 3107 272 3186 traderes.
855 3108 858 3115 '

79 3193 81 3199 '
739 3190 747 3209 '
789 3187 907 3257 mHaec,

18 3368 72 3425 set,
89 3382 144 3417 rum
153 3368 282 3439 diligenter
293 3371 322 3419 ab
334 3373 377 3429 iis,
395 3372 437 3437 qui
454 3370 504 3421 hnc
521 3371 668 3430 tradebant,
684 3374 710 3424 dt
726 3368 870 3437 cognouiii'e
880 3373 912 3419 R

22 3432 169 3483 transsatitie
179 3437 314 3485 materiam.
332 3437 441 3486 Strtbaur.

18 3306 79 3355 ticis
93 3307 118 3355 dc
132 3306 234 3369 podticis
246 3304 349 3357 dedisse:
367 3322 421 3357 cum
434 3307 542 3358 deuotio
554 3310 579 3359 dt
592 3307 622 3357 de
633 3307 707 3357 stellis
719 3308 798 3357 dicere
813 3303 904 3356 decres-

438 3506 461 3553 T
482 3518 493 3560 ³
842 3504 883 3555 d·
898 3496 942 3537 Ἢ·
974 3324 1072 3603 ⁸<
